3534 7267
451 1711 499 1777 31
843 1726 918 1783 ouro
945 1726 985 1771 nn
1012 1724 1116 1772 smms

449 1859 552 1946 Nam,
568 1866 606 1926 ut
619 1854 798 1926 Lucullum
815 1854 986 1942 omittam,
1001 1874 1105 1948 quem
1119 1851 1282 1921 maximis
1300 1849 1404 1922 effert
1421 1849 1494 1922 lau·

449 1979 561 2070 dibus,
572 1978 721 2075 quadam
735 1977 884 2049 admista
894 1978 1144 2073 vituperatione
1154 1975 1249 2071 quod
1258 1974 1356 2048 villas
1368 1976 1495 2048 habeat

449 2106 557 2177 nimio
572 2103 654 2176 luxu
673 2102 884 2188 diffluentes,
906 2103 955 2172 M.
973 2098 1151 2173 AEmilium
1171 2102 1354 2192 Scaurum,
1378 2099 1494 2197 splen·

451 2228 669 2301 didissimum
687 2227 876 2317 hominem,
897 2250 918 2298 a
939 2227 1072 2297 Triario
1094 2236 1299 2297 accusatum
1320 2225 1401 2321 quia
1424 2249 1494 2296 non

448 2355 534 2426 satis
549 2354 764 2426 abstinenter
778 2375 814 2423 se
829 2350 921 2447 apud
934 2349 1061 2421 Sardos
1072 2361 1237 2447 gesserat,
1252 2348 1405 2421 defendit
1422 2348 1490 2441 (1);

450 2481 499 2549 M.
522 2475 627 2549 Coelio
645 2478 694 2548 ita
712 2476 962 2572 patrocinatur,
980 2486 1031 2565 ut,
1050 2471 1140 2570 apud
1156 2481 1299 2571 juvenes
1321 2473 1494 2545 luxuriam

448 2599 522 2673 leve
538 2599 700 2672 delictum
718 2621 808 2682 esse,
830 2621 968 2669 censere
984 2596 1153 2669 videatur.
1173 2598 1358 2687 Nimirum,
1375 2598 1413 2668 in
1426 2598 1493 2669 hac

448 2746 555 2795 causa
577 2720 726 2811 oranda,
748 2746 818 2792 non
835 2727 910 2818 jam
932 2722 1072 2792 Catonis
1096 2721 1320 2817 supercilium
1341 2736 1491 2795 veretur.

449 2845 503 2919 Ab
516 2848 634 2918 inferis
648 2846 759 2918 facete
777 2847 903 2917 excitat
921 2846 1071 2941 aliquem
1086 2870 1128 2918 ex
1143 2846 1296 2919 barbatis
1309 2846 1377 2919 illis
1397 2865 1493 2918 anon

449 2968 597 3041 barbula
614 2969 767 3065 quidem,
796 2969 856 3041 scd
881 2971 941 3042 illa
958 2970 1098 3042 horrida
1118 2982 1310 3045 statuarum
1335 2974 1494 3069 antiqua-

449 3113 528 3163 rum
549 3104 582 3163 ct
600 3093 809 3189 imaginum,
827 3124 840 3155 »
870 3093 944 3189 ipse
970 3107 1104 3185 autem,
1130 3096 1261 3165 omissa
1284 3096 1435 3192 graviter
1461 3107 1496 3167 et

450 3217 565 3313 prisce
592 3214 714 3313 agendi
736 3216 895 3287 ratione:
930 3247 943 3279 1
965 3218 1001 3289 Si
1028 3241 1131 3314 quem
1161 3217 1249 3288 forte
1277 3219 1494 3308 inveneritis,

450 3341 581 3438 inquit,
604 3340 662 3436 qui
688 3352 889 3435 aspernetur
909 3341 1019 3413 oculis
1039 3340 1331 3437 pulchritudinem
1356 3334 1492 3433 rerum,

388 3492 393 3501 ·
450 3487 520 3536 non
535 3463 640 3536 odore
659 3464 743 3556 ullo,
765 3488 835 3535 non
850 3476 956 3555 tactu,
975 3489 1044 3536 non
1057 3488 1180 3561 sapore
1197 3465 1366 3559 copiatum
1383 3465 1497 3538 exclu-

449 3588 509 3660 dat
528 3585 669 3681 auribus
690 3610 829 3658 omnem
847 3587 1079 3659 suavitatem:
1101 3588 1182 3659 huic
1201 3588 1332 3660 homini
1350 3578 1413 3685 ego
1427 3589 1496 3660 lon-

450 3723 543 3782 tasse
563 3722 597 3781 et
621 3712 724 3805 pauci
746 3712 837 3781 Deos
856 3712 1040 3807 propitios,
1070 3712 1225 3808 plerique
1245 3724 1362 3786 autem
1387 3714 1495 3785 iratos

450 3833 623 3931 putabunt
643 3834 706 3926 (2).
726 3865 738 3896 n
1233 3831 1236 3839 ’
1334 3926 1340 3940 .

500 3940 662 4029 Sthenius
690 3954 828 4053 quidem
856 3980 927 4027 non
953 3967 1154 4053 aspernatus
1184 3970 1235 4029 cst
1265 3950 1494 4054 pulchritudi-

450 4105 531 4154 nem
548 4105 678 4172 remm,
694 4100 773 4176 quae
795 4080 899 4176 paulo
920 4082 1031 4179 magis
1054 4084 1210 4154 animum
1227 4084 1418 4180 cujuspiam
1430 4095 1496 4156 'aut
1544 4125 1548 4130 ·

449 4207 728 4303 oculospossent
745 4230 990 4298 commovere5
1015 4201 1133 4280 omnia
1151 4231 1233 4279 vero
1260 4214 1332 4305 eJus
1358 4210 1496 4305 generis

450 4342 653 4402 ornamenta
677 4331 779 4428 hujus
798 4355 817 4403 c
838 4330 940 4402 domo
961 4334 1084 4403 Verres
1103 4332 1271 4418 abstulit:
1293 4333 1372 4406 inde
1393 4334 1496 4407 Tullii

325 4465 327 4471 '
450 4457 625 4528 miseratio
652 4453 688 4528 in
714 4456 916 4548 Sthenium,
938 4457 998 4553 qui
1030 4488 1042 4519 1
1072 4456 1115 4529 alr
1140 4456 1371 4530 adolescentia
1391 4456 1494 4553 paulo

448 4580 639 4654 studiosius
651 4582 727 4654 hacc
749 4594 965 4680 compararat
982 4609 990 4652 :
1010 4557 1257 4678 supellectilem
1276 4606 1319 4655 cx
1339 4604 1407 4653 aere
1429 4580 1495 4654 ele·

448 4704 642 4801 gantiorem
664 4719 698 4777 et
719 4704 886 4778 deliacam
911 4716 946 4777 et
970 4705 1177 4820 carinthiam
1210 4705 1491 4802 tabulaspictas,

492 4988 531 5063 (1)
552 4986 678 5063 Frcqm.
691 4988 743 5062 15,
756 4986 777 5062 i,
792 4988 844 5063 45,
859 4986 891 5047 11.
1189 5041 1193 5048 .

493 5085 531 5162 (1)
549 5084 610 5145 Pro
620 5084 662 5144 M.
680 5084 785 5159 Coelio,
807 5086 872 5163 Xll,
891 5086 950 5162 293
976 5086 1054 5160 XlV,
1079 5087 1120 5146 33
1128 5101 1139 5164 3
1164 5085 1255 5159 XVll,
1283 5087 1333 5159 39,
1354 5084 1401 5143 ll.
1419 5082 1495 5143 Vide

447 5181 539 5242 ctiam
552 5198 606 5259 pro
619 5181 653 5241 C.
665 5182 789 5241 Rabirio
800 5185 959 5258 Postumo,
974 5184 1012 5258 X,
1024 5181 1074 5243 16.
1083 5185 1213 5243 Excusat
1225 5181 1323 5258 illum,
1335 5179 1419 5261 quod
1432 5197 1493 5241 non

449 5284 582 5357 togatus,
598 5276 652 5339 sed
666 5277 817 5357 palliatus,
834 5280 1027 5341 Alexandriae
1037 5282 1117 5341 visus
1131 5286 1221 5355 essct,
1247 5280 1388 5358 exemplo
1404 5278 1493 5338 Sullae

450 5379 524 5437 etL.
534 5373 680 5455 Scipionis
695 5393 710 5433 o
722 5394 852 5454 quorum
864 5377 1027 5457 impunitas
1041 5378 1097 5439 suit
1108 5396 1168 5439 non
1179 5377 1271 5439 modo
1283 5396 1301 5438 a
1309 5375 1492 5455 judicioscd

449 5472 540 5533 etium
555 5492 571 5534 a
584 5490 733 5532 sermono.
751 5495 765 5529 n
783 5474 858 5534 Vide
873 5475 1029 5536 Plutarch..
1040 5479 1159 5538 Poroll.
1175 5478 1272 5536 Cicer.
1286 5483 1315 5536 ct
1330 5476 1416 5535 Dem.
