3534 7267
687 1691 841 1740 sensatur
866 1693 903 1739 u.
931 1692 1076 1739 nunnus.
1356 1670 1402 1739 69

363 1822 413 1891 cis
440 1820 567 1915 (1)?...
600 1850 613 1882 υ
649 1821 740 1907 Quin
768 1819 843 1891 hac
878 1821 1006 1895 Noster
1032 1840 1169 1915 quoque
1198 1817 1403 1891 intellexerit
1433 1886 1435 1891 .

360 1944 502 2035 nemini,
520 1943 634 2035 credo,
651 1942 798 2019 dubium¹
814 1953 866 2015 est
888 1971 895 2012 :
918 1954 1108 2033 curantem
1122 1966 1169 2015 aes
1183 1942 1291 2038 pluris
1307 1941 1404 2024 leoe-

361 2069 406 2139 rit
426 2092 531 2165 quam
549 2091 714 2160 marmor,
734 2090 839 2144 causa
858 2066 991 2160 subest,
1014 2068 1146 2163 opinor,
1169 2089 1273 2163 quam
1293 2068 1402 2138 nostri

359 2192 518 2265 homines
540 2192 597 2266 vix
615 2191 819 2289 intelligant.
844 2192 935 2266 Nam
956 2189 1048 2287 apud
1066 2202 1198 2264 veteres
1212 2215 1291 2279 nen,
1312 2190 1402 2286 quod

361 2317 525 2410 facimus,
551 2340 598 2390 aes
625 2315 669 2390 ad
694 2316 949 2417 simulationem
976 2318 1154 2388 vetustatis
1175 2316 1399 2414 pingebatur,

360 2439 420 2513 sed
439 2441 535 2513 vario
555 2449 825 2535 temperamento
852 2439 984 2512 colores
1004 2441 1118 2511 varios
1140 2439 1312 2512 referebat
1336 2441 1349 2534 (
1375 2443 1398 2534 ).

350 2555 406 2637 'At
420 2568 479 2663 qui
502 2589 674 2638 marmore
696 2567 733 2636 in
755 2566 863 2662 signis
882 2564 1072 2636 conflandis
1099 2565 1298 2657 utebantur,
1319 2564 1403 2637 illud

359 2669 717 2787 coloribusimgebant¹
726 2700 760 2760 et
768 2713 910 2784 operam
924 2690 1098 2784 pictorum
1110 2686 1346 2782 adhibebant(
1374 2691 1398 2783 l,

359 2820 450 2889 inter
470 2841 557 2912 quos
583 2815 782 2907 Praxiteles,
801 2816 874 2911 qui,
894 2816 1126 2912 interrogatus
1156 2838 1233 2910 quae
1253 2815 1401 2885 maxime

360 2964 466 3035 opera
489 2963 553 3012 sua
571 2939 734 3035 probaret
751 2940 786 3010 in
809 2938 1068 3010 marmoribus:
1098 2968 1111 3003 α
1135 2939 1267 3027 Quibus
1286 2940 1402 3012 Nicias

360 3086 502 3135 manum
527 3062 678 3135 admovit
702 3095 714 3127 s
738 3064 871 3159 inquit,
903 3072 1039 3133 tantum
1062 3062 1303 3134 circumlitioni
1329 3069 1402 3158 eJus

360 3187 564 3282 tribuebat(
589 3187 616 3283 ).

407 3314 525 3407 ltaque
539 3310 701 3402 artifices,
720 3334 868 3407 quorum
890 3311 1018 3383 mentio
1031 3309 1122 3405 apud
1139 3313 1304 3385 Nostrum
1318 3335 1403 3405 prae-

360 3437 462 3532 cipue
486 3445 557 3527 est,
577 3436 677 3533 signa
698 3458 760 3506 sua
777 3433 981 3531 plerumque
999 3457 1041 3506 ex
1066 3453 1131 3506 are
1157 3433 1397 3524 absolverunt,

358 3560 485 3656 quibus
498 3562 534 3632 in
544 3559 706 3655 operibus
720 3558 814 3631 nulla
823 3560 906 3633 artis
918 3558 1037 3631 alienae
1054 3582 1119 3654 ope
1138 3561 1191 3631 usi
1206 3569 1297 3630 sunt.
1316 3562 1402 3630 Sunt

359 3691 475 3757 autem
489 3686 546 3757 isti
559 3684 751 3776 Canachus,
772 3685 934 3777 Calamis,
957 3684 1068 3781 Myro,
1086 3681 1282 3781 Polycletus
1296 3696 1420 3780 atque‘
1539 3721 1543 3728 ·

358 3810 509 3899 Phidias,
520 3817 631 3907 ouJuS,
646 3812 708 3882 etsi
715 3812 907 3883 toreuticen
914 3821 1025 3882 artem
1036 3810 1164 3905 sapius
1177 3810 1386 3904 excoluit(b)

359 3935 529 4035 exstabat,
547 3944 673 4029 praeter
685 3937 908 4024 Amazonem,
936 3958 978 4006 ex
993 3956 1059 4005 aare
1077 3934 1234 4005 Minerva
1250 3945 1322 4007 tam
1335 3936 1403 4005 exi·
1483 3966 1486 3973 ·

359 4061 439 4131 miae
470 4058 734 4154 pulchritudinis
764 4069 803 4130 ut
830 4059 953 4130 forma
985 4048 1190 4155 cognomen.
1217 4059 1399 4153 acceperit.

359 4183 539 4255 Praxitehs
559 4182 700 4278 quidem
718 4206 954 4255 marmoreum
968 4181 1169 4277 Cupidinem
1187 4182 1304 4256 laudat
1323 4181 1403 4254 Tul-

361 4308 442 4400 lius,
454 4309 489 4378 in
503 4308 657 4380 oratione
671 4318 795 4404 quarta
808 4306 972 4379 adversus
988 4310 1129 4380 Verrem
1140 4306 1221 4399 ;.sed
1233 4308 1269 4380 in
1282 4306 1402 4380 eadem

361 4432 520 4504 Herculis
542 4457 583 4503 ex
603 4456 669 4505 aere
691 4432 915 4504 simulacrum
937 4430 973 4503 id
989 4455 1064 4503 esse
1083 4433 1149 4523 ait,
1174 4455 1243 4528 quo
1263 4455 1332 4503 non
1354 4431 1371 4503 l
1390 4470 1403 4483 -

400 4771 440 4846 (ll
461 4771 500 4830 Io
520 4770 614 4843 Vera,
629 4770 744 4845 lV‚45.

400 4867 438 4945 (2)
460 4865 576 4942 Clarae,
594 4866 706 4943 Cetae,
727 4866 791 4927 Vll.
1252 4904 1261 4912 -

400 4963 441 5038 (3)
462 4960 532 5022 Vid.
544 4963 580 5023 R.
597 4961 765 5024 Rechette:
781 4965 825 5024 Dc
851 4964 883 5023 lo
902 4967 1043 5041 pecatore
1060 4979 1114 5021 scr
1125 4976 1194 5021 mar
1207 4960 1281 5021 cloes
1296 4962 1336 5021 les
1349 4980 1403 5020 aa·

359 5065 451 5120 ciens.
467 5060 576 5119 locro.
592 5061 645 5120 des
663 5062 807 5136 savants,
818 5060 885 5139 juin
900 5061 988 5122 1833.

404 5160 443 5234 (l)
467 5157 557 5231 Plin,
570 5160 689 5237 XXXV,
706 5159 758 5220 40.

401 5255 442 5329 (5)
462 5252 602 5315 Defendit
625 5255 780 5330 Beulaeus,
804 5253 836 5315 in
857 5271 913 5315 suo
928 5252 966 5315 de
980 5271 1050 5315 arce
1066 5253 1294 5316 Atheniensium
1307 5251 1401 5324 libro,

361 5350 495 5411 Phidiam
508 5369 580 5429 non,
597 5351 856 5433 quemadmodum
871 5352 962 5414 ebore
981 5358 1012 5413 ct
1024 5351 1247 5432 pretiosissimis
1263 5350 1400 5425 metallis,

363 5449 403 5509 ita
417 5455 449 5510 et
460 5468 608 5512 marmore
623 5450 661 5512 ad
674 5450 759 5529 signa
772 5448 930 5512 conflanda
943 5468 1032 5512 usum
1047 5468 1125 5513 csse.
1263 5448 1264 5451 ’

1220 5550 1259 5617 ὅ,
