3534 7267
366 1697 412 1765 66
753 1715 827 1772 onio
853 1717 893 1761 or
920 1716 1020 1763 sionis

365 1846 499 1916 locotus
512 1852 563 1913 est
585 1869 592 1910 ε
617 1843 828 1914 «Peritiores
849 1845 952 1931 artis,
980 1844 1105 1939 inquit,
1128 1841 1406 1937 praeleruntom·
1476 1880 1484 1897 ·

363 1968 466 2041 nibus
485 1969 559 2064 ejus
580 1966 756 2064 operibus,
773 1966 935 2041 eumdem
951 1989 1069 2065 regem
1085 1968 1334 2064 (Antigonum)
1353 1987 1409 2042 se·

363 2094 499 2166 dentem
515 2093 551 2164 iii
564 2114 665 2187 equo,
683 2092 831 2164 Dianam
845 2090 1097 2166 sacrificantem
1110 2091 1285 2187 virginum
1300 2091 1408 2195 clroro

364 2219 520 2308 mixtam,
532 2215 659 2314 quihus
674 2216 797 2288 vicisse
806 2217 949 2287 Homeri
962 2238 1083 2290 versus
1097 2214 1233 2319 videeur
1243 2214 1280 2288 id
1292 2218 1408 2312 ipsum

364 2341 589 2415 describentis
609 2342 676 2436 (l).
702 2371 716 2400 a

412 2467 504 2541 Num
525 2463 668 2561 quidem
686 2464 749 2536 has
763 2463 900 2537 tabulas
923 2463 1048 2538 viderit
1070 2464 1214 2553 Tullius,
1233 2466 1406 2538 incertum

233 2668 235 2673 ,
363 2604 436 2681 est,
454 2592 539 2687 quid
551 2613 635 2663 vero
649 2588 691 2661 de
707 2587 834 2661 iisdem
853 2587 999 2661 audierit
1017 2589 1111 2662 nulla
1135 2587 1308 2666 dubitatio
1333 2602 1399 2668 est.

363 2711 432 2786 Sed
442 2712 544 2809 longe
559 2710 730 2785 absimilis
741 2722 795 2783 est
807 2717 882 2807 ejus
899 2733 1016 2783 sermo
1023 2710 1210 2808 judica-ntis
1221 2722 1264 2787 'ea
1279 2733 1359 2808 qum
1369 2712 1407 2791 in

361 2837 428 2910 hoc
444 2858 568 2933 genere
586 2837 660 2931 ipse
673 2835 810 2926 viderit,
826 2846 930 2932 atque
944 2858 986 2908 ea
999 2834 1183 2931 dequibus
1197 2846 1332 2910 tantum
1346 2859 1407 2909 au·

362 2959 495 3032 diverit.
519 2961 637 3047 Quare
664 2955 825 3053 equidem
845 2967 886 3029 ut
905 2955 948 3029 de
974 2956 1094 3054 Apelle
1110 2956 1279 3055 judicium
1303 2959 1408 3032 itaet

361 3083 403 3157 de
427 3081 577 3156 Zeuxide
602 3083 788 3155 sententias
806 3106 926 3155 secum
949 3091 1143 3179 pugnantes
1165 3084 1216 3155 sic
1237 3082 1408 3177 interpre-

359 3208 425 3279 tari
438 3208 563 3298 ausim,
582 3209 749 3301 tanquam
759 3205 817 3277 ille
828 3227 871 3276 eo
883 3214 1019 3278 tentum
1031 3202 1147 3276 laudet
1162 3215 1198 3277 et
1212 3221 1285 3287 non·
1299 3204 1408 3277 semel

359 3334 396 3404 in
423 3330 619 3427 exemplum
646 3328 913 3427 pulchritudinis
933 3328 1060 3403 afferat
1078 3352 1155 3425 quae
1182 3330 1257 3425 ipse
1282 3327 1408 3412 viderit

359 3470 394 3528 et
407 3454 559 3529 studiose
575 3455 680 3526 luerit
697 3453 965 3551 contemplatus.

407 3581 568 3653 Profecto
592 3591 708 3651 autem
732 3576 892 3651 Zeuxidis
910 3589 972 3649 aut
997 3576 1092 3652 nulla
1118 3589 1177 3649 aut
1191 3579 1426 3673 paucissima·

360 3727 466 3802 opera
485 3705 620 3800 aspexit
640 3702 785 3792 Tullius,
804 3703 865 3797 qui
886 3702 1016 3774 Zeuxin
1032 3700 1223 3794 interdum,
1247 3714 1287 3775 ut
1303 3701 1406 3801 Poly·

359 3841 501 3927 gnotum
520 3840 556 3901 et
572 3826 814 3917 Timanthem,
835 3826 943 3898 luisse
961 3828 1010 3898 ait
1026 3837 1099 3899 arte
1117 3825 1269 3899 nondum
1287 3824 1407 3910 adulta

359 3954 547 4052 insignem3
574 3950 750 4024 interdum
782 3949 966 4041 eumdem5
1001 3961 1041 4023 ut
1065 3950 1341 4047 Aglaophontem
1370 3963 1406 4026 et

361 4076 537 4176 Apellam,
559 4079 638 4147 eum
659 4075 767 4162 fuisse
790 4081 893 4171 negat
908 4074 964 4145 cui
982 4071 1170 4170 quidquam
1190 4075 1228 4147 in
1248 4085 1321 4146 arte
1340 4098 1406 4152 sua

360 4203 478 4275 deesse
495 4200 665 4272 videatm.
689 4202 795 4295 Cujus
815 4210 932 4271 autem
946 4221 1051 4294 opera
1070 4209 1142 4270 tam
1157 4198 1314 4295 perlecta
1329 4199 1405 4284 fue*

360 4336 452 4416 runt,
475 4327 538 4396 cur
560 4330 634 4420 ejus
655 4322 728 4394 lero
753 4345 924 4418 nusquam
937 4321 1029 4418 apud
1049 4323 1250 4405 Ciceronem
1273 4345 1406 4396 memo·

359 4462 437 4521 rata
446 4447 551 4520 sunt?
563 4448 674 4519 lmme
688 4448 725 4518 in
738 4449 851 4544 primo
867 4445 909 4517 de
926 4447 1122 4520 loventione
1135 4446 1225 4521 libro
1239 4446 1402 4543 legimus,
1474 4426 1477 4430 ’

360 4571 573 4646 deZeuxidis
596 4571 740 4656 Helena,
761 4569 1051 4644 historiunculam
1078 4572 1128 4645 ita
1149 4583 1341 4662 narratam,
1366 4584 1405 4648 ut

359 4701 417 4771 rix
433 4696 556 4770 credas
569 4695 615 4769 ab
625 4698 703 4793 ipso
716 4705 775 4768 aot
786 4696 915 4767 Zeuxin
928 4696 1099 4792 optimum
1109 4698 1280 4792 pictorem
1294 4695 1404 4781 luisse

358 4823 608 4912 existimatum,
627 4833 688 4891 aut
701 4827 776 4916 ejus
793 4818 960 4891 Helenam
972 4842 1127 4915 uuquam
1139 4817 1372 4893 fossensem
1391 4848 1399 4890 :

364 4979 378 5008 ι
409 4948 440 5017 ls
468 4958 503 5017 et
528 4949 660 5017 ceteras
689 4929 827 5017 tabulas
856 4943 1053 5040 complures
1082 4944 1213 5040 pinxit,
1251 4967 1402 5040 quarum

359 5068 523 5144 nonnulla
545 5092 626 5165 pars
647 5090 756 5165 usque
783 5068 827 5140 ad
849 5080 1004 5142 nostram
1019 5068 1237 5159 mensutam,
1258 5081 1403 5165 propter

358 5214 513 5231 m

400 5275 441 5351 (l)
461 5272 580 5345 mv,
596 5273 647 5341 36,
661 5272 713 5330 Π.
727 5268 802 5330 Vide
821 5276 926 5331 contra
938 5269 1058 5344 XXXV,
1081 5270 1132 5344 to,
1152 5271 1203 5330 lt.
1223 5271 1266 5330 De
1282 5270 1401 5333 Venere

357 5377 438 5435 Coa:
455 5372 581 5445 «Quam
599 5367 731 5430 diximus
743 5368 893 5429 Venerem
910 5366 1024 5447 Apellis
1035 5366 1066 5429 in
1081 5367 1188 5446 majori
1203 5366 1401 5432 admiratione

357 5486 527 5548 essequam
542 5463 687 5547 perlecta.
703 5487 718 5520 o
