3534 7267
693 1766 844 1813 sensnum
871 1768 902 1810 u.
929 1766 1078 1812 ruamus.
1354 1749 1398 1818 33

358 1902 463 1971 etiam
488 1897 619 1994 argenti
644 1895 730 1967 bene
758 1894 860 1983 lacti,
885 1904 987 1989 prout
1013 1892 1227 1967 Thermitani
1251 1896 1405 1989 hominis,
1496 1963 1500 1979 ,

358 2020 541 2094 facultates
560 2017 729 2107 ferebant,
747 2018 844 2088 satis.
862 2046 874 2081 ι
896 2019 1007 2104 Quam
1022 2030 1102 2090 sunt
1118 2018 1186 2091 ista
1203 2018 1247 2091 ad
1263 2024 1400 2095 veniam

359 2148 573 2244 composital
600 2148 711 2234 Quam
727 2118 812 2215 levis
831 2143 907 2215 hac
929 2141 1116 2215 admonitio
1138 2172 1145 2213 :
1170 2175 1182 2207 u
1201 2145 1400 2219 Paulo'stu·

359 2273 489 2344 diosius
508 2303 520 2335 a
543 2269 602 2342 sed
617 2292 721 2367 perge
734 2268 779 2339 ad
793 2268 996 2364 sequentia:
1018 2298 1030 2329 a
1050 2269 1146 2360 Qua,
1163 2292 1241 2340 cum
1261 2282 1353 2342 esset
1366 2272 1400 2342 in

360 2400 444 2471 Asia
469 2397 698 2469 adolescens»
718 2394 807 2491 (haec
827 2392 957 2469 habeut
984 2394 1259 2483 excusationem,
1278 2417 1401 2492 nempe

360 2520 594 2593 adolescentia
611 2532 646 2591 et
663 2519 818 2590 Asiatica
845 2516 1106 2611 commoratio),
1137 2516 1339 2609 «studiose,
1365 2531 1403 2591 ut

361 2645 450 2738 dixi,
473 2655 712 2743 compararat,
731 2668 800 2716 uon
821 2653 894 2714 tam
914 2665 985 2713 suae
1010 2640 1249 2714 delectationis
1273 2668 1398 2735 causa,

360 2796 467 2867 quam
492 2770 535 2842 ad
561 2770 780 2841 invitationes
810 2766 1045 2863 adventusque
1071 2778 1268 2842 nostrorum
1297 2769 1404 2842 homi-

361 2921 463 2985 num,
485 2918 626 2966 suorum
648 2894 840 2965 amicorum
864 2902 966 2988 atque
983 2892 1160 2990 hospitum
1180 2894 1246 2989 (1).
1270 2928 1281 2958 r
1311 2897 1403 2994 Ergo

361 3023 533 3097 luxuriam
548 3023 576 3093 si
589 3020 668 3117 quis
687 3019 834 3127 nonsibi
852 3029 986 3091 tantum
1000 3022 1208 3116 quasiverit,
1228 3021 1285 3093 hic
1305 3021 1405 3120 culpa

362 3148 433 3219 1111
458 3146 552 3217 omni
570 3144 783 3235 liberabitur,
801 3141 915 3239 judice
937 3142 1070 3235 Tullio,
1095 3155 1131 3215 at
1153 3168 1222 3215 non
1243 3144 1299 3217 ille
1322 3146 1401 3243 qui,

361 3267 416 3340 vel
437 3268 472 3338 in
494 3265 801 3363 disputationibus,
819 3263 912 3361 quod
933 3267 970 3336 L.
995 3266 1074 3338 Piso
1100 3266 1268 3359 faciebat,
1288 3269 1405 3340 oculo·

362 3419 440 3466 rum
471 3405 505 3465 et
532 3393 667 3464 aurium
691 3391 907 3463 delectationi
937 3401 1094 3463 ventrem
1125 3390 1233 3463 soleat
1262 3391 1407 3463 anteier-

362 3543 399 3591 re
414 3517 493 3616 l2l²
519 3518 611 3594 «Est
628 3518 721 3588 onim
742 3513 899 3612 1111111111
911 3514 1060 3607 luxuria,
1080 3538 1278 3612 quanquam
1293 3516 1406 3588 omnis
1484 3561 1489 3571 -

362 3656 415 3715 est
430 3643 555 3715 vitiosa
572 3655 675 3740 atque
690 3642 814 3739 turpis,
831 3642 981 3739 ingenuo
1000 3664 1041 3713 ac
1059 3640 1167 3714 libero
1186 3641 1332 3740 dignior.
1351 3674 1363 3706 a

412 3769 465 3840 Sit
479 3790 562 3839 sane
575 3766 659 3860 illud
674 3765 858 3839 ridiculum
872 3766 988 3838 Pisoni
1006 3765 1111 3863 quod,
1127 3766 1251 3838 calices
1267 3764 1406 3863 quidem

362 3889 706 3986 nonpulcherrimos,
724 3888 784 3963 sed
797 3890 981 3982 maximos,
998 3888 1155 3979 haberet,
1167 3887 1260 3985 quod
1277 3897 1408 3960 exstru-

363 4022 421 4084 cta
435 4025 527 4085 esset
544 4020 615 4110 ejus
635 4036 768 4106 mensa,
787 4037 856 4085 non
872 4013 1062 4111 conchyliis
1083 4025 1142 4084 ant
1157 4012 1323 4109 piscibus,
1348 4013 1407 4085 sed

364 4162 465 4210 carne
486 4137 713 4232 subrancida;
732 4137 824 4235 quod
842 4136 989 4235 denique
1008 4138 1097 4209 servi
1119 4134 1303 4220 sordidati,
1326 4160 1413 4236 non-¹

308 4346 311 4353 .
363 4260 448 4334 nulli
463 4262 568 4333 etiam
582 4242 960 4358 senes,non'spleddidi
974 4272 1007 4332 et
1021 4260 1130 4357 pueri,
1150 4260 1404 4332 ministrarent:
1510 4339 1513 4344 ,

363 4409 543 4482 nunquam
575 4397 691 4458 tamen
715 4385 790 4458 haec
815 4388 851 4457 in
883 4385 1069 4458 ludibrium
1095 4388 1276 4474 vertisset,
1299 4410 1409 4483 neque

280 4489 288 4507 ¹
363 4509 423 4584 illa
445 4542 458 4575 a
477 4510 570 4608 quod
586 4514 666 4583 Piso
687 4511 773 4583 nihil
796 4509 888 4608 apud
910 4534 946 4583 11
965 4511 1119 4601 lautum,
1143 4509 1228 4582 nihil
1247 4507 1405 4607 elegans,

363 4634 450 4707 nihil
470 4636 695 4732 exquisitum,
722 4634 814 4733 quod
832 4633 979 4733 denique
1000 4626 1132 4713 nullum
1157 4647 1330 4724 toreuma,
1351 4633 1411 4704 ha-

364 4758 492 4831 heret»
515 4784 577 4858 per
593 4767 712 4858 Jocnm
730 4760 907 4833 laudasset
926 4761 1076 4850 Tullius,
1096 4762 1162 4834 nisi
1181 4761 1407 4859 elegantiam,

366 4884 535 4957 duntaxat
550 4887 737 4984 ingenuam
756 4896 860 4983 atque
877 4886 1074 4967 liberalem,
1093 4910 1161 4957 non
1184 4886 1296 4959 solum
1310 4887 1411 4958 venia

366 5009 426 5081 sed
455 5011 559 5081 etiam
598 5009 699 5082 laude
732 5009 847 5107 aliqua
864 5008 1015 5110 dignam
1053 5034 1128 5085 esse
1149 5011 1407 5083 existimasset.

366 5176 415 5187 -
435 5132 541 5205 atde
560 5156 596 5205 se
615 5132 681 5204 hoc
703 5157 824 5206 verum
847 5133 924 5240 1111
942 5136 1017 5232 ipse
1038 5150 1277 5235 negat—non
1295 5148 1411 5209 tamen

406 5432 450 5511 (l)
469 5433 507 5493 In
528 5433 623 5506 Vera,
639 5432 674 5508 ll,
693 5433 744 5493 83.

412 5531 448 5608 (h)
470 5530 507 5590 Ia
521 5532 639 5603 Pisaea,
655 5530 778 5605 XXVll,
794 5530 844 5606 66,
860 5531 910 5590 67.
