3534 7267
360 1608 405 1675 38
747 1626 823 1680 outa
849 1626 890 1670 na
916 1624 1019 1671 storrs

359 1754 523 1826 lactaris:
548 1765 584 1824 tu
601 1751 692 1823 illius
712 1754 789 1821 aeris
810 1753 1113 1847 temperationem,
1138 1764 1176 1824 tu
1195 1777 1339 1849 operum
1358 1752 1399 1825 li·

359 1889 542 1952 neamenta
579 1876 812 1949 sollertissime
842 1879 1024 1973 perspicis.
1059 1910 1071 1940 a
1106 1875 1199 1949 ldem
1230 1891 1282 1949 est
1315 1880 1396 1976 qui,

358 2006 621 2080 Atheniensium
650 2025 765 2093 more,
797 2004 971 2096 φιλόκαλος,
994 2024 1071 2073 eam
1098 1978 1301 2098 inserpere
1324 2003 1399 2076 uult

353 2154 434 2205 esse
451 2126 743 2228 pulchritudinem
759 2149 848 2222 quae,
865 2137 948 2222 apta
960 2126 1208 2222 compositione
1229 2127 1400 2201 membro

359 2279 450 2347 rum,
467 2262 606 2325 moreat
626 2251 762 2340 oculos,
786 2260 819 2321 et
838 2248 982 2322 delectet
998 2250 1065 2321 hoc
1088 2251 1177 2347 ipso,
1197 2251 1289 2346 quod
1311 2253 1401 2325 inter

360 2403 396 2451 se
410 2388 675 2474 omnes'partes,
697 2400 777 2448 cum
791 2374 942 2472 quodam
957 2376 1086 2472 lepore,
1103 2378 1317 2449 consentiant
1331 2380 1398 2471 (1).

360 2503 498 2574 Dixeris
528 2502 664 2599 signum
702 2499 841 2595 aliquod
871 2499 1021 2591 Bacchi,
1053 2510 1244 2573 venustum·
1270 2513 1304 2572 et
1331 2501 1399 2573 ele-

359 2650 465 2725 gans,
485 2649 505 2697 a
521 2625 682 2698 Cicerone
703 2623 914 2721 descriptum
937 2652 944 2693 :
962 2623 1054 2720 quod
1070 2624 1217 2695 fortasse
1231 2625 1268 2695 in
1284 2626 1400 2697 animo

358 2747 482 2819 hahuit
497 2748 528 2817 is
544 2748 603 2842 qui
628 2758 759 2818 statuas
780 2747 829 2817 ita
847 2748 1026 2818 memoriae
1038 2746 1163 2818 infixas
1182 2747 1345 2840 tenebat,
1362 2764 1400 2821 ut

360 2873 534 2969 Sospitam
552 2869 681 2943 diceret
699 2895 736 2943 se
754 2896 797 2943 ne
815 2873 851 2942 in
874 2873 1006 2942 somnis
1024 2869 1162 2967 quidem
1180 2870 1312 2960 videre,
1333 2872 1400 2943 uisi

267 2978 269 2983 ’
356 3025 377 3062 Ἰ
397 3022 478 3070 cum
500 2995 586 3093 pelle
609 2997 761 3092 caprina,
785 3020 865 3067 curn
891 2994 1009 3087 hasta,
1036 3019 1115 3068 curn
1138 2995 1306 3088 scutulo,-
1320 3020 1400 3068 cum

360 3121 518 3196 calceolis
539 3121 699 3218 repandis
719 3123 784 3215 (2).
804 3153 817 3185 Ι
836 3124 1009 3208 -Quam
1034 3142 1116 3191 vero
1136 3117 1402 3216 pulchritudinis

359 3250 511 3347 effigiem
532 3250 647 3319 animo
669 3248 743 3343 ipse
762 3247 939 3341 concepit,
962 3268 1038 3317 eam
1057 3247 1115 3317 vix
1134 3245 1225 3343 apud
1243 3246 1403 3318 homines

360 3363 560 3470 expressam
591 3372 721 3443 invenit
747 3400 754 3440 :
781 3402 794 3435 a
821 3372 955 3457 Quotus
987 3372 1078 3441 enim
1105 3372 1251 3467 quisque
1273 3354 1403 3442 formo-
1456 3433 1461 3442 .

360 3519 420 3567 sus
438 3497 517 3567 est?
533 3498 657 3593 inquit.
678 3497 821 3569 Athenis
836 3521 917 3568 cum
936 3521 1061 3589 essem,
1079 3520 1099 3568 e
1119 3496 1281 3594 gregibus
1301 3496 1403 3593 ephe-

328 3705 334 3717 ·
360 3620 483 3693 borum
509 3624 566 3694 vix
589 3624 712 3721 singuli
739 3622 997 3719 reperiebantur
1017 3624 1081 3715 (3).
1104 3656 1116 3688 Ι
1142 3625 1193 3698 Ne
1217 3622 1402 3694 simulacre

403 3926 442 4001 (Ι)
465 3926 512 3985 De
529 3922 656 4003 Officiis,
679 3924 732 3984 lib.
751 3926 775 4000 1,
789 3924 839 3987 28.
861 3922 938 3985 Vide
949 3924 1039 3985 etiam
1054 3918 1091 3983 'de
1113 3923 1247 4005 Capitolii
1269 3924 1403 4005 fastigio,

361 4022 400 4083 de
412 4021 510 4096 Orot,
521 4020 574 4081 lib.
592 4022 642 4096 ΙΙΙ,
655 4022 705 4082 lh.
718 4062 722 4076 ,

404 4122 444 4199 (2)
465 4122 513 4181 Dc
526 4123 597 4181 Not.
611 4120 706 4193 deor„
720 4118 772 4179 lib.
783 4122 808 4195 Ι,
822 4121 874 4183 29.
889 4156 927 4165 -
946 4118 1098 4194 «Quando
1112 4119 1163 4199 poi
1180 4138 1283 4181 avesse
1305 4122 1403 4183 consi·

363 4218 479 4295 denoto,
495 4217 551 4278 che
565 4217 595 4278 la
608 4217 687 4298 pelle
701 4233 775 4277 evea
784 4217 860 4278 sulla
870 4221 949 4278 testa
964 4216 993 4279 le
1003 4236 1095 4279 corna
1104 4218 1196 4279 d'une
1210 4235 1311 4299 capra,
1325 4222 1404 4279 rotte

363 4317 458 4382 bensi.
472 4334 521 4377 me
533 4315 711 4377 abbastanza
721 4314 862 4392 evidenti,
873 4333 935 4377 uon
947 4314 1076 4377 avrebbe
1087 4314 1206 4376 tardato
1219 4334 1237 4376 a
1249 4313 1405 4376 ravissarle

362 4434 417 4496 per
431 4416 460 4476 la
481 4414 617 4477 Giunone
637 4413 747 4497 Sispita
759 4431 779 4475 o
793 4413 923 4495 Sospita,
942 4403 1007 4476 ci'oe
1024 4413 1179 4475 salvatrice
1197 4412 1235 4474 de
1245 4414 1402 4492 Lanuvini,

362 4516 589 4593 roppresentata
603 4529 639 4571 su
656 4516 740 4571 tante
752 4516 873 4572 monete
883 4528 1043 4573 romane...
1057 4529 1074 4572 e
1089 4529 1122 4572 se
1133 4510 1363 4575 larestituirono
1373 4514 1404 4577 lo
1523 4565 1526 4571 .

363 4609 468 4685 sendo,
479 4609 508 4670 la
520 4608 681 4680 lauriaci
696 4607 802 4669 celzari
815 4607 943 4683 recurvi,
957 4608 1077 4670 attrezzi
1087 4608 1219 4669 sensade
1236 4609 1327 4689 quali,
1338 4609 1405 4671 dice

363 4708 473 4784 Tullio,
484 4708 540 4769 che
554 4725 686 4770 nessuno
695 4706 718 4768 si
730 4711 963 4793 rappresentara
972 4707 1110 4769 Giunone
1121 4707 1285 4769 Lanuvino.
1302 4730 1317 4765 n
1333 4710 1405 4771 Me·

363 4826 411 4867 seo
425 4809 693 4872 Pto-Clementiae.
705 4812 780 4869 tom.
792 4808 828 4884 ΙΙ,
841 4808 928 4868 tavol.
945 4808 1021 4868 XXI.
1037 4805 1164 4868 —Vide
1179 4806 1270 4868 etiam
1284 4801 1319 4867 dc
1331 4810 1403 4869 Not.

365 4904 460 4979 deor„
476 4908 498 4979 Ι,
516 4906 579 4966 23:
607 4903 726 4966 «Nobis
745 4902 874 4965 fortasse
886 4903 928 4964 sir
947 4905 1090 4977 occurrit,
1111 4909 1145 4964 ut
1164 4902 1237 4965 dicis
1260 4925 1267 4962 ε
1286 4905 1404 4980 Jovem,

364 5002 527 5077 lunonem,
543 5002 718 5078 Minervam,
732 5003 916 5081 Neptunum,
940 5001 1123 5077 Vulcanum,
1138 5000 1320 5082 Apollinem,
1340 5002 1408 5063 reli·
1449 5062 1453 5070 ,
1512 5002 1513 5005 ’

365 5114 442 5176 quos
454 5097 537 5171 deos,
555 5117 590 5160 ee
605 5098 680 5159 facie
696 5097 845 5167 novimus
863 5115 923 5177 qna
941 5097 1073 5177 pictores
1098 5096 1277 5176 lictoresque
1304 5096 1407 5159 volue-

366 5201 456 5272 runt;
475 5213 575 5275 neque
595 5197 693 5259 solum
706 5196 794 5270 facie,
820 5196 872 5258 sed
893 5196 981 5257 etiam
996 5204 1114 5270 ornatu,
1133 5200 1232 5265 aetate,
1254 5201 1343 5275 atque
1357 5213 1407 5257 ve·

368 5290 450 5352 stitu.
469 5315 484 5349 Ι)

411 5388 449 5464 (3)
478 5393 518 5448 De
535 5393 607 5451 tert.
631 5392 720 5459 deor„
736 5390 786 5451 lib.
806 5393 827 5464 l,
845 5393 894 5465 ⁶28,
910 5392 959 5450 79,
