<?xml version="1.0" encoding="UTF-8"?>
<!DOCTYPE html PUBLIC "-//W3C//DTD XHTML 1.0 Transitional//EN"
    "http://www.w3.org/TR/xhtml1/DTD/xhtml1-transitional.dtd">
<html xmlns="http://www.w3.org/1999/xhtml" xml:lang="en" lang="en">
 <head>
  <title>
</title>
<meta http-equiv="Content-Type" content="text/html;charset=utf-8" />
  <meta name='ocr-system' content='tesseract 3.04.00' />
  <meta name='ocr-capabilities' content='ocr_page ocr_carea ocr_par ocr_line ocrx_word'/>
</head>
<body>
  <div class='ocr_page' id='page_1' title='image "./quiddesignistab00maiggoog_0039.png"; bbox 0 0 3534 7267; ppageno 0'>
   <div class='ocr_carea' id='block_1_1' title="bbox 613 1716 1321 1781">
    <p class='ocr_par' dir='ltr' id='par_1_1' title="bbox 613 1716 1321 1781">
     <span class='ocr_line' id='line_1_1' title="bbox 613 1716 1321 1781; baseline 0.007 -5"><span class='ocrx_word' id='word_1_1' title='bbox 613 1729 765 1777; x_wconf 82' lang='lat' dir='ltr'>ssussms</span> <span class='ocrx_word' id='word_1_2' title='bbox 792 1732 827 1778; x_wconf 80' lang='lat' dir='ltr'>s.</span> <span class='ocrx_word' id='word_1_3' title='bbox 855 1730 1001 1779; x_wconf 70' lang='lat' dir='ltr'>&#39;ruscius</span> <span class='ocrx_word' id='word_1_4' title='bbox 1283 1716 1321 1781; x_wconf 79' lang='lat' dir='ltr'>:tt</span> 
     </span>
    </p>
   </div>
   <div class='ocr_carea' id='block_1_2' title="bbox 232 1856 1383 3830">
    <p class='ocr_par' dir='ltr' id='par_1_2' title="bbox 243 1856 1383 3449">
     <span class='ocr_line' id='line_1_2' title="bbox 286 1856 1327 1955; baseline 0.006 -28"><span class='ocrx_word' id='word_1_5' title='bbox 286 1880 405 1929; x_wconf 90' lang='lat' dir='ltr'>eorum</span> <span class='ocrx_word' id='word_1_6' title='bbox 435 1857 555 1953; x_wconf 87' lang='lat' dir='ltr'>quanti</span> <span class='ocrx_word' id='word_1_7' title='bbox 583 1856 724 1948; x_wconf 88' lang='lat' dir='ltr'>lecerit,</span> <span class='ocrx_word' id='word_1_8' title='bbox 755 1879 797 1928; x_wconf 84' lang='lat' dir='ltr'>cx</span> <span class='ocrx_word' id='word_1_9' title='bbox 824 1857 900 1953; x_wconf 94' lang='lat' dir='ltr'>ipso</span> <span class='ocrx_word' id='word_1_10' title='bbox 926 1856 1180 1955; x_wconf 79' lang='lat' dir='ltr'><strong>cognoscimus.</strong></span> <span class='ocrx_word' id='word_1_11' title='bbox 1213 1861 1327 1946; x_wconf 82' lang='lat' dir='ltr'>Quan-</span> 
     </span>
     <span class='ocr_line' id='line_1_3' title="bbox 287 1980 1328 2079; baseline 0 -24"><span class='ocrx_word' id='word_1_12' title='bbox 287 2004 392 2078; x_wconf 88' lang='lat' dir='ltr'>quam</span> <span class='ocrx_word' id='word_1_13' title='bbox 411 1983 507 2055; x_wconf 90' lang='lat' dir='ltr'>enim·</span> <span class='ocrx_word' id='word_1_14' title='bbox 520 2005 564 2061; x_wconf 86' lang='lat' dir='ltr'>ea</span> <span class='ocrx_word' id='word_1_15' title='bbox 585 1980 710 2074; x_wconf 89' lang='lat' dir='ltr'>studia,</span> <span class='ocrx_word' id='word_1_16' title='bbox 737 2004 815 2078; x_wconf 87' lang='lat' dir='ltr'>quae</span> <span class='ocrx_word' id='word_1_17' title='bbox 838 1980 929 2079; x_wconf 89' lang='lat' dir='ltr'>apud</span> <span class='ocrx_word' id='word_1_18' title='bbox 948 1984 1126 2054; x_wconf 82' lang='lat' dir='ltr'>Romanos</span> <span class='ocrx_word' id='word_1_19' title='bbox 1143 1982 1226 2055; x_wconf 83' lang='lat' dir='ltr'>viris</span> <span class='ocrx_word' id='word_1_20' title='bbox 1244 1984 1328 2056; x_wconf 89' lang='lat' dir='ltr'>civi·</span> 
     </span>
     <span class='ocr_line' id='line_1_4' title="bbox 286 2102 1324 2202; baseline -0.001 -24"><span class='ocrx_word' id='word_1_21' title='bbox 286 2106 367 2178; x_wconf 88' lang='lat' dir='ltr'>tatis</span> <span class='ocrx_word' id='word_1_22' title='bbox 391 2104 606 2201; x_wconf 91' lang='lat' dir='ltr'>principibus</span> <span class='ocrx_word' id='word_1_23' title='bbox 623 2127 693 2175; x_wconf 91' lang='lat' dir='ltr'>non</span> <span class='ocrx_word' id='word_1_24' title='bbox 711 2104 761 2176; x_wconf 90' lang='lat' dir='ltr'>ita</span> <span class='ocrx_word' id='word_1_25' title='bbox 778 2102 903 2176; x_wconf 87' lang='lat' dir='ltr'>decora</span> <span class='ocrx_word' id='word_1_26' title='bbox 922 2125 998 2176; x_wconf 90' lang='lat' dir='ltr'>esse</span> <span class='ocrx_word' id='word_1_27' title='bbox 1015 2103 1242 2178; x_wconf 79' lang='lat' dir='ltr'>censebantur</span> <span class='ocrx_word' id='word_1_28' title='bbox 1257 2106 1324 2202; x_wconf 84' lang='lat'>(1),</span> 
     </span>
     <span class='ocr_line' id='line_1_5' title="bbox 285 2225 1328 2327; baseline -0.002 -24"><span class='ocrx_word' id='word_1_29' title='bbox 285 2231 412 2327; x_wconf 80' lang='lat' dir='ltr'>saepius</span> <span class='ocrx_word' id='word_1_30' title='bbox 422 2228 557 2301; x_wconf 88' lang='lat' dir='ltr'>videtur</span> <span class='ocrx_word' id='word_1_31' title='bbox 569 2250 732 2302; x_wconf 83' lang='lat' dir='ltr'>excusare</span> <span class='ocrx_word' id='word_1_32' title='bbox 746 2249 852 2324; x_wconf 87' lang='lat' dir='ltr'>quam</span> <span class='ocrx_word' id='word_1_33' title='bbox 863 2226 1015 2319; x_wconf 87' lang='lat' dir='ltr'>laudare,</span> <span class='ocrx_word' id='word_1_34' title='bbox 1028 2225 1200 2299; x_wconf 86' lang='lat' dir='ltr'>interdum</span> <span class='ocrx_word' id='word_1_35' title='bbox 1212 2238 1328 2301; x_wconf 88' lang='lat' dir='ltr'>tamen</span> 
     </span>
     <span class='ocr_line' id='line_1_6' title="bbox 243 2347 1328 2449; baseline 0.004 -24"><span class='ocrx_word' id='word_1_36' title='bbox 243 2429 246 2439; x_wconf 71' lang='grc'><strong>,</strong></span> <span class='ocrx_word' id='word_1_37' title='bbox 284 2363 417 2426; x_wconf 77' lang='lat' dir='ltr'>naturae</span> <span class='ocrx_word' id='word_1_38' title='bbox 433 2374 508 2425; x_wconf 79' lang='lat' dir='ltr'>suae</span> <span class='ocrx_word' id='word_1_39' title='bbox 522 2350 725 2449; x_wconf 82' lang='lat' dir='ltr'>obsequitur</span> <span class='ocrx_word' id='word_1_40' title='bbox 738 2347 775 2423; x_wconf 91' lang='lat' dir='ltr'>et</span> <span class='ocrx_word' id='word_1_41' title='bbox 788 2350 854 2425; x_wconf 90' lang='lat' dir='ltr'>sub</span> <span class='ocrx_word' id='word_1_42' title='bbox 864 2353 1004 2425; x_wconf 78' lang='lat' dir='ltr'>Antonii</span> <span class='ocrx_word' id='word_1_43' title='bbox 1018 2376 1166 2449; x_wconf 89' lang='lat' dir='ltr'>persona</span> <span class='ocrx_word' id='word_1_44' title='bbox 1179 2380 1195 2424; x_wconf 26' lang='lat' dir='ltr'>:v</span> <span class='ocrx_word' id='word_1_45' title='bbox 1208 2384 1221 2420; x_wconf 72' lang='lat' dir='ltr'>a</span> <span class='ocrx_word' id='word_1_46' title='bbox 1235 2354 1328 2428; x_wconf 93' lang='lat' dir='ltr'>ldem</span> 
     </span>
     <span class='ocr_line' id='line_1_7' title="bbox 285 2452 1383 2573; baseline 0.004 -25"><span class='ocrx_word' id='word_1_47' title='bbox 285 2477 490 2569; x_wconf 82' lang='lat' dir='ltr'>existimavi,</span> <span class='ocrx_word' id='word_1_48' title='bbox 520 2477 650 2573; x_wconf 90' lang='lat' dir='ltr'>inquit,</span> <span class='ocrx_word' id='word_1_49' title='bbox 674 2475 818 2573; x_wconf 89' lang='lat' dir='ltr'>pecudis</span> <span class='ocrx_word' id='word_1_50' title='bbox 842 2499 937 2569; x_wconf 87' lang='lat' dir='ltr'>esse,</span> <span class='ocrx_word' id='word_1_51' title='bbox 960 2500 1030 2549; x_wconf 89' lang='lat' dir='ltr'>non</span> <span class='ocrx_word' id='word_1_52' title='bbox 1055 2478 1223 2570; x_wconf 90' lang='lat' dir='ltr'>hominis,</span> <span class='ocrx_word' id='word_1_53' title='bbox 1250 2462 1332 2552; x_wconf 85' lang='lat' dir='ltr'>cum</span> <span class='ocrx_word' id='word_1_54' title='bbox 1379 2452 1383 2464; x_wconf 31' lang='grc' dir='ltr'>Ι</span> 
     </span>
     <span class='ocr_line' id='line_1_8' title="bbox 284 2600 1326 2700; baseline 0.003 -27"><span class='ocrx_word' id='word_1_55' title='bbox 284 2611 398 2673; x_wconf 84' lang='lat' dir='ltr'>tantas</span> <span class='ocrx_word' id='word_1_56' title='bbox 415 2624 472 2673; x_wconf 85' lang='lat' dir='ltr'>res</span> <span class='ocrx_word' id='word_1_57' title='bbox 494 2600 607 2675; x_wconf 84' lang='lat' dir='ltr'>Graeci</span> <span class='ocrx_word' id='word_1_58' title='bbox 629 2601 861 2696; x_wconf 79' lang='lat' dir='ltr'>susciperent,</span> <span class='ocrx_word' id='word_1_59' title='bbox 881 2601 1139 2697; x_wconf 83' lang='lat' dir='ltr'>profiterentur,</span> <span class='ocrx_word' id='word_1_60' title='bbox 1165 2614 1326 2700; x_wconf 84' lang='lat' dir='ltr'>egerent,</span> 
     </span>
     <span class='ocr_line' id='line_1_9' title="bbox 284 2725 1326 2824; baseline 0.002 -25"><span class='ocrx_word' id='word_1_61' title='bbox 284 2750 427 2824; x_wconf 91' lang='lat' dir='ltr'>seseque</span> <span class='ocrx_word' id='word_1_62' title='bbox 445 2737 480 2799; x_wconf 89' lang='lat' dir='ltr'>et</span> <span class='ocrx_word' id='word_1_63' title='bbox 491 2726 631 2801; x_wconf 92' lang='lat' dir='ltr'>videndi</span> <span class='ocrx_word' id='word_1_64' title='bbox 645 2750 701 2801; x_wconf 89' lang='lat' dir='ltr'>res</span> <span class='ocrx_word' id='word_1_65' title='bbox 719 2725 999 2818; x_wconf 89' lang='lat' dir='ltr'>obscurissimas,</span> <span class='ocrx_word' id='word_1_66' title='bbox 1015 2736 1050 2800; x_wconf 89' lang='lat' dir='ltr'>et</span> <span class='ocrx_word' id='word_1_67' title='bbox 1067 2726 1155 2800; x_wconf 88' lang='lat' dir='ltr'>bene</span> <span class='ocrx_word' id='word_1_68' title='bbox 1173 2726 1326 2814; x_wconf 83' lang='lat' dir='ltr'>vivendi,</span> 
     </span>
     <span class='ocr_line' id='line_1_10' title="bbox 285 2848 1330 2950; baseline 0.002 -26"><span class='ocrx_word' id='word_1_69' title='bbox 285 2853 473 2949; x_wconf 77' lang='lat' dir='ltr'>etcopiose</span> <span class='ocrx_word' id='word_1_70' title='bbox 496 2850 631 2926; x_wconf 89' lang='lat' dir='ltr'>dicendi</span> <span class='ocrx_word' id='word_1_71' title='bbox 651 2851 821 2924; x_wconf 88' lang='lat' dir='ltr'>rationem</span> <span class='ocrx_word' id='word_1_72' title='bbox 844 2849 1045 2923; x_wconf 92' lang='lat' dir='ltr'>hominibus</span> <span class='ocrx_word' id='word_1_73' title='bbox 1069 2848 1210 2950; x_wconf 86' lang='lat' dir='ltr'>daturos</span> <span class='ocrx_word' id='word_1_74' title='bbox 1232 2853 1330 2949; x_wconf 91' lang='lat' dir='ltr'>polli-</span> 
     </span>
     <span class='ocr_line' id='line_1_11' title="bbox 284 2975 1329 3073; baseline 0.004 -24"><span class='ocrx_word' id='word_1_75' title='bbox 284 2984 455 3068; x_wconf 86' lang='lat' dir='ltr'>cerentur,</span> <span class='ocrx_word' id='word_1_76' title='bbox 476 3000 545 3048; x_wconf 92' lang='lat' dir='ltr'>non</span> <span class='ocrx_word' id='word_1_77' title='bbox 571 2975 754 3049; x_wconf 85' lang='lat' dir='ltr'>admovere</span> <span class='ocrx_word' id='word_1_78' title='bbox 781 2999 922 3068; x_wconf 89' lang='lat' dir='ltr'>aurem,</span> <span class='ocrx_word' id='word_1_79' title='bbox 947 2986 1001 3067; x_wconf 92' lang='lat' dir='ltr'>et,</span> <span class='ocrx_word' id='word_1_80' title='bbox 1023 2977 1053 3049; x_wconf 91' lang='lat' dir='ltr'>si</span> <span class='ocrx_word' id='word_1_81' title='bbox 1077 2977 1194 3073; x_wconf 87' lang='lat' dir='ltr'>palam</span> <span class='ocrx_word' id='word_1_82' title='bbox 1212 2978 1329 3052; x_wconf 86' lang='lat' dir='ltr'>audire</span> 
     </span>
     <span class='ocr_line' id='line_1_12' title="bbox 282 3098 1331 3197; baseline 0.006 -27"><span class='ocrx_word' id='word_1_83' title='bbox 282 3121 343 3171; x_wconf 91' lang='lat' dir='ltr'>eos</span> <span class='ocrx_word' id='word_1_84' title='bbox 361 3123 430 3171; x_wconf 91' lang='lat' dir='ltr'>non</span> <span class='ocrx_word' id='word_1_85' title='bbox 449 3098 606 3191; x_wconf 82' lang='lat' dir='ltr'>auderes,</span> <span class='ocrx_word' id='word_1_86' title='bbox 627 3124 671 3172; x_wconf 91' lang='lat' dir='ltr'>nc</span> <span class='ocrx_word' id='word_1_87' title='bbox 692 3101 866 3171; x_wconf 90' lang='lat' dir='ltr'>minueres</span> <span class='ocrx_word' id='word_1_88' title='bbox 893 3098 986 3197; x_wconf 86' lang='lat' dir='ltr'>apud</span> <span class='ocrx_word' id='word_1_89' title='bbox 1006 3111 1084 3173; x_wconf 91' lang='lat' dir='ltr'>tuos</span> <span class='ocrx_word' id='word_1_90' title='bbox 1107 3101 1200 3175; x_wconf 91' lang='lat' dir='ltr'>cives</span> <span class='ocrx_word' id='word_1_91' title='bbox 1214 3114 1331 3180; x_wconf 80' lang='lat' dir='ltr'>aucto·</span> 
     </span>
     <span class='ocr_line' id='line_1_13' title="bbox 283 3224 1329 3324; baseline 0.008 -28"><span class='ocrx_word' id='word_1_92' title='bbox 283 3226 422 3297; x_wconf 88' lang='lat' dir='ltr'>ritatem</span> <span class='ocrx_word' id='word_1_93' title='bbox 446 3236 562 3316; x_wconf 90' lang='lat' dir='ltr'>tuam,</span> <span class='ocrx_word' id='word_1_94' title='bbox 588 3224 881 3299; x_wconf 79' lang='lat' dir='ltr'>subauscultando</span> <span class='ocrx_word' id='word_1_95' title='bbox 907 3238 1024 3299; x_wconf 89' lang='lat' dir='ltr'>tamen</span> <span class='ocrx_word' id='word_1_96' title='bbox 1043 3227 1198 3324; x_wconf 80' lang='lat' dir='ltr'>excipere</span> <span class='ocrx_word' id='word_1_97' title='bbox 1225 3252 1329 3304; x_wconf 89' lang='lat' dir='ltr'>voces</span> 
     </span>
     <span class='ocr_line' id='line_1_14' title="bbox 284 3349 1243 3449; baseline -0.006 -26"><span class='ocrx_word' id='word_1_98' title='bbox 284 3374 416 3442; x_wconf 85' lang='lat' dir='ltr'>eorum,</span> <span class='ocrx_word' id='word_1_99' title='bbox 435 3361 469 3422; x_wconf 89' lang='lat' dir='ltr'>et</span> <span class='ocrx_word' id='word_1_100' title='bbox 484 3349 619 3448; x_wconf 88' lang='lat' dir='ltr'>procul,</span> <span class='ocrx_word' id='word_1_101' title='bbox 641 3350 726 3446; x_wconf 92' lang='lat' dir='ltr'>quid</span> <span class='ocrx_word' id='word_1_102' title='bbox 743 3361 935 3442; x_wconf 88' lang='lat' dir='ltr'>narrarent,</span> <span class='ocrx_word' id='word_1_103' title='bbox 952 3350 1126 3425; x_wconf 88' lang='lat' dir='ltr'>attendere</span> <span class='ocrx_word' id='word_1_104' title='bbox 1144 3354 1211 3449; x_wconf 76' lang='lat'><strong>(2).</strong></span> <span class='ocrx_word' id='word_1_105' title='bbox 1228 3384 1243 3417; x_wconf 70' lang='lat' dir='ltr'>a</span> 
     </span>
    </p>

    <p class='ocr_par' dir='ltr' id='par_1_3' title="bbox 232 3473 1328 3830">
     <span class='ocr_line' id='line_1_15' title="bbox 331 3473 1328 3570; baseline 0.004 -25"><span class='ocrx_word' id='word_1_106' title='bbox 331 3476 386 3545; x_wconf 91' lang='lat' dir='ltr'>An</span> <span class='ocrx_word' id='word_1_107' title='bbox 407 3496 491 3546; x_wconf 88' lang='lat' dir='ltr'>vem</span> <span class='ocrx_word' id='word_1_108' title='bbox 522 3476 571 3549; x_wconf 87' lang='grc' dir='ltr'>Μ.</span> <span class='ocrx_word' id='word_1_109' title='bbox 598 3473 748 3566; x_wconf 85' lang='lat' dir='ltr'>Tullius,</span> <span class='ocrx_word' id='word_1_110' title='bbox 780 3474 841 3570; x_wconf 92' lang='lat' dir='ltr'>qui</span> <span class='ocrx_word' id='word_1_111' title='bbox 874 3474 1007 3546; x_wconf 86' lang='lat' dir='ltr'>Graecis</span> <span class='ocrx_word' id='word_1_112' title='bbox 1032 3497 1152 3547; x_wconf 89' lang='lat' dir='ltr'>aurem</span> <span class='ocrx_word' id='word_1_113' title='bbox 1179 3474 1328 3549; x_wconf 89' lang='lat' dir='ltr'>libenter</span> 
     </span>
     <span class='ocr_line' id='line_1_16' title="bbox 283 3596 1328 3697; baseline 0.002 -26"><span class='ocrx_word' id='word_1_114' title='bbox 283 3596 501 3688; x_wconf 87' lang='lat' dir='ltr'>admovebat,</span> <span class='ocrx_word' id='word_1_115' title='bbox 522 3596 695 3670; x_wconf 85' lang='lat' dir='ltr'>luxuriam</span> <span class='ocrx_word' id='word_1_116' title='bbox 712 3620 793 3671; x_wconf 90' lang='lat' dir='ltr'>vere</span> <span class='ocrx_word' id='word_1_117' title='bbox 810 3598 1003 3696; x_wconf 81' lang='lat' dir='ltr'>elegantem</span> <span class='ocrx_word' id='word_1_118' title='bbox 1021 3609 1124 3695; x_wconf 89' lang='lat' dir='ltr'>atque</span> <span class='ocrx_word' id='word_1_119' title='bbox 1143 3598 1328 3697; x_wconf 80' lang='lat' dir='ltr'>ingenuam</span> 
     </span>
     <span class='ocr_line' id='line_1_17' title="bbox 232 3720 1326 3830; baseline 0 -36"><span class='ocrx_word' id='word_1_120' title='bbox 232 3813 243 3830; x_wconf 60' lang='lat'>‚</span> <span class='ocrx_word' id='word_1_121' title='bbox 282 3723 423 3795; x_wconf 89' lang='lat' dir='ltr'>omnino</span> <span class='ocrx_word' id='word_1_122' title='bbox 451 3722 643 3819; x_wconf 88' lang='lat' dir='ltr'>respuerit,</span> <span class='ocrx_word' id='word_1_123' title='bbox 674 3720 767 3795; x_wconf 89' lang='lat' dir='ltr'>haud</span> <span class='ocrx_word' id='word_1_124' title='bbox 797 3721 914 3795; x_wconf 83' lang='lat' dir='ltr'>multae</span> <span class='ocrx_word' id='word_1_125' title='bbox 941 3744 1056 3819; x_wconf 78' lang='lat' dir='ltr'>operm</span> <span class='ocrx_word' id='word_1_126' title='bbox 1085 3724 1231 3819; x_wconf 79' lang='lat' dir='ltr'>questio</span> <span class='ocrx_word' id='word_1_127' title='bbox 1261 3733 1326 3797; x_wconf 90' lang='lat' dir='ltr'>est.</span> 
     </span>
    </p>
   </div>
   <div class='ocr_carea' id='block_1_3' title="bbox 282 3926 1330 5270">
    <p class='ocr_par' dir='ltr' id='par_1_4' title="bbox 282 3926 1330 4594">
     <span class='ocr_line' id='line_1_18' title="bbox 282 3926 1330 4012; baseline 0.006 -23"><span class='ocrx_word' id='word_1_128' title='bbox 282 3933 313 3989; x_wconf 92' lang='lat' dir='ltr'>et</span> <span class='ocrx_word' id='word_1_129' title='bbox 324 3926 537 3990; x_wconf 70' lang='lat' dir='ltr'>habemus-..s</span> <span class='ocrx_word' id='word_1_130' title='bbox 554 3928 596 3989; x_wconf 88' lang='lat' dir='ltr'>cd</span> <span class='ocrx_word' id='word_1_131' title='bbox 609 3928 761 3990; x_wconf 79' lang='lat' dir='ltr'>Ecmdem</span> <span class='ocrx_word' id='word_1_132' title='bbox 774 3926 829 3989; x_wconf 88' lang='lat' dir='ltr'>lib.</span> <span class='ocrx_word' id='word_1_133' title='bbox 843 3928 896 4005; x_wconf 87' lang='lat' dir='ltr'>Vl,</span> <span class='ocrx_word' id='word_1_134' title='bbox 906 3929 1007 4007; x_wconf 80' lang='lat' dir='ltr'>Epist.</span> <span class='ocrx_word' id='word_1_135' title='bbox 1025 3930 1047 4005; x_wconf 89' lang='lat' dir='ltr'>l,</span> <span class='ocrx_word' id='word_1_136' title='bbox 1063 3931 1114 3991; x_wconf 75' lang='lat'>23.</span> <span class='ocrx_word' id='word_1_137' title='bbox 1129 3952 1145 3988; x_wconf 76' lang='grc' dir='ltr'>(ι</span> <span class='ocrx_word' id='word_1_138' title='bbox 1154 3930 1255 3994; x_wconf 92' lang='lat' dir='ltr'>Audio</span> <span class='ocrx_word' id='word_1_139' title='bbox 1265 3932 1330 4012; x_wconf 89' lang='lat' dir='ltr'>Ap-</span> 
     </span>
     <span class='ocr_line' id='line_1_19' title="bbox 282 4020 1328 4106; baseline 0.005 -21"><span class='ocrx_word' id='word_1_140' title='bbox 282 4024 367 4106; x_wconf 89' lang='lat' dir='ltr'>pium</span> <span class='ocrx_word' id='word_1_141' title='bbox 380 4022 542 4105; x_wconf 66' lang='lat' dir='ltr'>spondiaco</span> <span class='ocrx_word' id='word_1_142' title='bbox 556 4022 697 4086; x_wconf 91' lang='lat' dir='ltr'>Eleusine</span> <span class='ocrx_word' id='word_1_143' title='bbox 711 4022 830 4086; x_wconf 82' lang='lat' dir='ltr'>lacere:</span> <span class='ocrx_word' id='word_1_144' title='bbox 845 4041 921 4085; x_wconf 88' lang='lat' dir='ltr'>num</span> <span class='ocrx_word' id='word_1_145' title='bbox 944 4020 1038 4105; x_wconf 90' lang='lat' dir='ltr'>inepti</span> <span class='ocrx_word' id='word_1_146' title='bbox 1053 4023 1212 4102; x_wconf 85' lang='lat' dir='ltr'>fuerimus,</span> <span class='ocrx_word' id='word_1_147' title='bbox 1232 4024 1257 4088; x_wconf 89' lang='lat' dir='ltr'>si</span> <span class='ocrx_word' id='word_1_148' title='bbox 1272 4046 1328 4090; x_wconf 91' lang='lat' dir='ltr'>nos</span> 
     </span>
     <span class='ocr_line' id='line_1_20' title="bbox 282 4119 1327 4205; baseline 0.004 -20"><span class='ocrx_word' id='word_1_149' title='bbox 282 4140 405 4204; x_wconf 88' lang='lat' dir='ltr'>quoque</span> <span class='ocrx_word' id='word_1_150' title='bbox 427 4119 598 4185; x_wconf 82' lang='lat' dir='ltr'>Academiae</span> <span class='ocrx_word' id='word_1_151' title='bbox 622 4120 803 4184; x_wconf 67' lang='lat' dir='ltr'>fecerimus?</span> <span class='ocrx_word' id='word_1_152' title='bbox 820 4122 912 4198; x_wconf 88' lang='lat' dir='ltr'>Puto,</span> <span class='ocrx_word' id='word_1_153' title='bbox 927 4122 1054 4205; x_wconf 89' lang='lat' dir='ltr'>inquies.</span> <span class='ocrx_word' id='word_1_154' title='bbox 1075 4125 1157 4202; x_wconf 80' lang='lat' dir='ltr'>Ergo</span> <span class='ocrx_word' id='word_1_155' title='bbox 1181 4122 1327 4205; x_wconf 87' lang='lat' dir='ltr'>idipsum</span> 
     </span>
     <span class='ocr_line' id='line_1_21' title="bbox 282 4216 1326 4299; baseline 0.001 -18"><span class='ocrx_word' id='word_1_156' title='bbox 282 4218 394 4281; x_wconf 87' lang='lat' dir='ltr'>scribes</span> <span class='ocrx_word' id='word_1_157' title='bbox 407 4218 446 4279; x_wconf 88' lang='lat' dir='ltr'>ad</span> <span class='ocrx_word' id='word_1_158' title='bbox 457 4236 519 4281; x_wconf 88' lang='lat' dir='ltr'>ma.</span> <span class='ocrx_word' id='word_1_159' title='bbox 534 4216 683 4299; x_wconf 86' lang='lat' dir='ltr'>Equidem</span> <span class='ocrx_word' id='word_1_160' title='bbox 698 4216 791 4280; x_wconf 85' lang='lat' dir='ltr'>valde</span> <span class='ocrx_word' id='word_1_161' title='bbox 797 4216 878 4299; x_wconf 88' lang='lat' dir='ltr'>ipsas</span> <span class='ocrx_word' id='word_1_162' title='bbox 888 4218 1023 4281; x_wconf 77' lang='lat' dir='ltr'>Athenas</span> <span class='ocrx_word' id='word_1_163' title='bbox 1038 4235 1149 4281; x_wconf 74' lang='lat' dir='ltr'>amo.»</span> <span class='ocrx_word' id='word_1_164' title='bbox 1167 4221 1205 4281; x_wconf 89' lang='lat' dir='ltr'>Et</span> <span class='ocrx_word' id='word_1_165' title='bbox 1220 4221 1326 4299; x_wconf 79' lang='lat' dir='ltr'>Epist.</span> 
     </span>
     <span class='ocr_line' id='line_1_22' title="bbox 282 4317 1328 4399; baseline 0.003 -19"><span class='ocrx_word' id='word_1_166' title='bbox 282 4320 333 4397; x_wconf 89' lang='lat' dir='ltr'>VI,</span> <span class='ocrx_word' id='word_1_167' title='bbox 349 4319 380 4380; x_wconf 64' lang='lat' dir='ltr'>t.</span> <span class='ocrx_word' id='word_1_168' title='bbox 392 4317 468 4380; x_wconf 89' lang='lat' dir='ltr'>Vide</span> <span class='ocrx_word' id='word_1_169' title='bbox 479 4317 571 4380; x_wconf 87' lang='lat' dir='ltr'>etiam</span> <span class='ocrx_word' id='word_1_170' title='bbox 583 4318 622 4378; x_wconf 82' lang='lat' dir='ltr'>de</span> <span class='ocrx_word' id='word_1_171' title='bbox 634 4317 841 4397; x_wconf 77' lang='lat' dir='ltr'>Haruspicum</span> <span class='ocrx_word' id='word_1_172' title='bbox 852 4323 1015 4399; x_wconf 82' lang='lat' dir='ltr'>responsis,</span> <span class='ocrx_word' id='word_1_173' title='bbox 1027 4322 1083 4382; x_wconf 83' lang='lat' dir='ltr'>ta:</span> <span class='ocrx_word' id='word_1_174' title='bbox 1103 4319 1224 4395; x_wconf 77' lang='lat' dir='ltr'>«Quam</span> <span class='ocrx_word' id='word_1_175' title='bbox 1242 4320 1328 4385; x_wconf 90' lang='lat' dir='ltr'>volu-</span> 
     </span>
     <span class='ocr_line' id='line_1_23' title="bbox 282 4414 1329 4499; baseline -0.001 -21"><span class='ocrx_word' id='word_1_176' title='bbox 282 4433 351 4478; x_wconf 91' lang='lat' dir='ltr'>mus</span> <span class='ocrx_word' id='word_1_177' title='bbox 364 4416 446 4496; x_wconf 87' lang='lat' dir='ltr'>bcet‚</span> <span class='ocrx_word' id='word_1_178' title='bbox 462 4417 496 4477; x_wconf 92' lang='lat' dir='ltr'>P.</span> <span class='ocrx_word' id='word_1_179' title='bbox 512 4417 559 4492; x_wconf 68' lang='lat' dir='ltr'>G„</span> <span class='ocrx_word' id='word_1_180' title='bbox 574 4414 630 4497; x_wconf 89' lang='lat' dir='ltr'>ipsi</span> <span class='ocrx_word' id='word_1_181' title='bbox 644 4430 700 4477; x_wconf 90' lang='lat' dir='ltr'>nos</span> <span class='ocrx_word' id='word_1_182' title='bbox 713 4431 852 4477; x_wconf 89' lang='lat' dir='ltr'>amemus</span> <span class='ocrx_word' id='word_1_183' title='bbox 858 4431 870 4495; x_wconf 83' lang='lat'>3</span> <span class='ocrx_word' id='word_1_184' title='bbox 885 4419 988 4477; x_wconf 89' lang='lat' dir='ltr'>tamen</span> <span class='ocrx_word' id='word_1_185' title='bbox 1002 4433 1060 4481; x_wconf 89' lang='lat' dir='ltr'>nac</span> <span class='ocrx_word' id='word_1_186' title='bbox 1077 4432 1206 4478; x_wconf 89' lang='lat' dir='ltr'>numero</span> <span class='ocrx_word' id='word_1_187' title='bbox 1222 4415 1329 4499; x_wconf 88' lang='lat' dir='ltr'>Hispa-</span> 
     </span>
     <span class='ocr_line' id='line_1_24' title="bbox 282 4511 1069 4594; baseline -0.004 -18"><span class='ocrx_word' id='word_1_188' title='bbox 282 4530 376 4577; x_wconf 85' lang='lat' dir='ltr'>nos...</span> <span class='ocrx_word' id='word_1_189' title='bbox 386 4520 444 4576; x_wconf 90' lang='lat' dir='ltr'>nec</span> <span class='ocrx_word' id='word_1_190' title='bbox 457 4511 569 4575; x_wconf 85' lang='lat' dir='ltr'>artibus</span> <span class='ocrx_word' id='word_1_191' title='bbox 580 4514 739 4575; x_wconf 84' lang='lat' dir='ltr'>Graecos...</span> <span class='ocrx_word' id='word_1_192' title='bbox 752 4511 970 4594; x_wconf 85' lang='lat' dir='ltr'>superavimus.</span> <span class='ocrx_word' id='word_1_193' title='bbox 1066 4516 1069 4522; x_wconf 86' lang='lat'>&#39;</span> 
     </span>
    </p>

    <p class='ocr_par' dir='ltr' id='par_1_5' title="bbox 282 4605 1329 4979">
     <span class='ocr_line' id='line_1_25' title="bbox 323 4605 1327 4688; baseline -0.002 -17"><span class='ocrx_word' id='word_1_194' title='bbox 323 4611 365 4688; x_wconf 83' lang='lat' dir='ltr'>(l)</span> <span class='ocrx_word' id='word_1_195' title='bbox 385 4612 433 4673; x_wconf 85' lang='lat' dir='ltr'>De</span> <span class='ocrx_word' id='word_1_196' title='bbox 445 4612 547 4684; x_wconf 77' lang='lat' dir='ltr'>Orat,</span> <span class='ocrx_word' id='word_1_197' title='bbox 558 4606 611 4670; x_wconf 91' lang='lat' dir='ltr'>lib.</span> <span class='ocrx_word' id='word_1_198' title='bbox 621 4610 659 4686; x_wconf 87' lang='lat' dir='ltr'>ll,</span> <span class='ocrx_word' id='word_1_199' title='bbox 673 4610 730 4670; x_wconf 83' lang='lat'>36:</span> <span class='ocrx_word' id='word_1_200' title='bbox 747 4609 898 4688; x_wconf 71' lang='lat' dir='ltr'>«Semper</span> <span class='ocrx_word' id='word_1_201' title='bbox 910 4607 968 4687; x_wconf 80' lang='lat' dir='ltr'>ego&#39;</span> <span class='ocrx_word' id='word_1_202' title='bbox 976 4605 1157 4685; x_wconf 86' lang='lat' dir='ltr'>existimavi,</span> <span class='ocrx_word' id='word_1_203' title='bbox 1169 4606 1327 4685; x_wconf 75' lang='lat' dir='ltr'>jocundio</span> 
     </span>
     <span class='ocr_line' id='line_1_26' title="bbox 282 4703 1328 4788; baseline -0.003 -16"><span class='ocrx_word' id='word_1_204' title='bbox 282 4725 348 4772; x_wconf 89' lang='lat' dir='ltr'>rem</span> <span class='ocrx_word' id='word_1_205' title='bbox 357 4712 389 4771; x_wconf 92' lang='lat' dir='ltr'>et</span> <span class='ocrx_word' id='word_1_206' title='bbox 403 4705 636 4787; x_wconf 86' lang='lat' dir='ltr'>probabiliorem</span> <span class='ocrx_word' id='word_1_207' title='bbox 651 4705 722 4769; x_wconf 91' lang='lat' dir='ltr'>huic</span> <span class='ocrx_word' id='word_1_208' title='bbox 732 4705 847 4787; x_wconf 91' lang='lat' dir='ltr'>populo</span> <span class='ocrx_word' id='word_1_209' title='bbox 859 4712 1010 4769; x_wconf 87' lang='lat' dir='ltr'>oratorem</span> <span class='ocrx_word' id='word_1_210' title='bbox 1034 4703 1112 4781; x_wconf 85' lang='lat' dir='ltr'>tore,</span> <span class='ocrx_word' id='word_1_211' title='bbox 1130 4703 1186 4788; x_wconf 89' lang='lat' dir='ltr'>qui</span> <span class='ocrx_word' id='word_1_212' title='bbox 1194 4703 1328 4786; x_wconf 88' lang='lat' dir='ltr'>primum</span> 
     </span>
     <span class='ocr_line' id='line_1_27' title="bbox 283 4800 1329 4885; baseline 0.002 -20"><span class='ocrx_word' id='word_1_213' title='bbox 283 4821 375 4885; x_wconf 83' lang='lat' dir='ltr'>quam</span> <span class='ocrx_word' id='word_1_214' title='bbox 386 4802 543 4866; x_wconf 89' lang='lat' dir='ltr'>minimam</span> <span class='ocrx_word' id='word_1_215' title='bbox 558 4801 674 4865; x_wconf 83' lang='lat' dir='ltr'>artificii</span> <span class='ocrx_word' id='word_1_216' title='bbox 686 4801 826 4882; x_wconf 85' lang='lat' dir='ltr'>alicujus,</span> <span class='ocrx_word' id='word_1_217' title='bbox 837 4800 947 4865; x_wconf 89' lang='lat' dir='ltr'>deinde</span> <span class='ocrx_word' id='word_1_218' title='bbox 964 4800 1080 4864; x_wconf 84' lang='lat' dir='ltr'>nubam</span> <span class='ocrx_word' id='word_1_219' title='bbox 1094 4819 1261 4882; x_wconf 76' lang='lat' dir='ltr'>graecarum</span> <span class='ocrx_word' id='word_1_220' title='bbox 1280 4821 1329 4867; x_wconf 92' lang='lat' dir='ltr'>re·</span> 
     </span>
     <span class='ocr_line' id='line_1_28' title="bbox 282 4895 1319 4979; baseline -0.004 -16"><span class='ocrx_word' id='word_1_221' title='bbox 282 4898 748 4979; x_wconf 76' lang='lat' dir='ltr'>rumsignificctionemdaret.»</span> <span class='ocrx_word' id='word_1_222' title='bbox 1001 4895 1003 4898; x_wconf 79' lang='grc'><strong>’</strong></span> <span class='ocrx_word' id='word_1_223' title='bbox 1316 4898 1319 4903; x_wconf 81' lang='grc'><strong>’</strong></span> 
     </span>
    </p>

    <p class='ocr_par' dir='ltr' id='par_1_6' title="bbox 282 4993 1329 5270">
     <span class='ocr_line' id='line_1_29' title="bbox 321 4993 1328 5079; baseline 0.001 -21"><span class='ocrx_word' id='word_1_224' title='bbox 321 4998 365 5077; x_wconf 73' lang='lat'>(2)</span> <span class='ocrx_word' id='word_1_225' title='bbox 384 4997 433 5058; x_wconf 85' lang='lat' dir='ltr'>De</span> <span class='ocrx_word' id='word_1_226' title='bbox 445 4998 583 5073; x_wconf 82' lang='lat' dir='ltr'>Oratore,</span> <span class='ocrx_word' id='word_1_227' title='bbox 593 4995 648 5059; x_wconf 91' lang='lat' dir='ltr'>lib.</span> <span class='ocrx_word' id='word_1_228' title='bbox 662 4998 699 5074; x_wconf 87' lang='lat' dir='ltr'>ll,</span> <span class='ocrx_word' id='word_1_229' title='bbox 711 4997 762 5059; x_wconf 88' lang='grc'>36.</span> <span class='ocrx_word' id='word_1_230' title='bbox 780 4996 832 5057; x_wconf 82' lang='lat' dir='ltr'>cll</span> <span class='ocrx_word' id='word_1_231' title='bbox 852 4994 899 5057; x_wconf 85' lang='lat' dir='ltr'>fut</span> <span class='ocrx_word' id='word_1_232' title='bbox 922 4999 1006 5059; x_wconf 90' lang='lat' dir='ltr'>toute</span> <span class='ocrx_word' id='word_1_233' title='bbox 1028 5011 1062 5057; x_wconf 90' lang='lat' dir='ltr'>sa</span> <span class='ocrx_word' id='word_1_234' title='bbox 1075 4994 1134 5057; x_wconf 44' lang='lat' dir='ltr'>wvia</span> <span class='ocrx_word' id='word_1_235' title='bbox 1153 4994 1183 5058; x_wconf 90' lang='lat' dir='ltr'>le</span> <span class='ocrx_word' id='word_1_236' title='bbox 1203 4993 1328 5079; x_wconf 85' lang='lat' dir='ltr'>disciplc</span> 
     </span>
     <span class='ocr_line' id='line_1_30' title="bbox 282 5091 1328 5177; baseline 0.001 -23"><span class='ocrx_word' id='word_1_237' title='bbox 282 5091 337 5155; x_wconf 89' lang='lat' dir='ltr'>das</span> <span class='ocrx_word' id='word_1_238' title='bbox 356 5095 462 5172; x_wconf 85' lang='lat' dir='ltr'>Graes3</span> <span class='ocrx_word' id='word_1_239' title='bbox 490 5098 521 5155; x_wconf 84' lang='lat' dir='ltr'>et</span> <span class='ocrx_word' id='word_1_240' title='bbox 533 5092 628 5174; x_wconf 85' lang='lat' dir='ltr'>parmi</span> <span class='ocrx_word' id='word_1_241' title='bbox 643 5111 694 5155; x_wconf 89' lang='lat' dir='ltr'>ces</span> <span class='ocrx_word' id='word_1_242' title='bbox 714 5100 834 5156; x_wconf 80' lang='lat' dir='ltr'>savants</span> <span class='ocrx_word' id='word_1_243' title='bbox 854 5093 1021 5174; x_wconf 78' lang='lat' dir='ltr'>etrmgers,</span> <span class='ocrx_word' id='word_1_244' title='bbox 1043 5092 1103 5155; x_wconf 88' lang='lat' dir='ltr'>scit</span> <span class='ocrx_word' id='word_1_245' title='bbox 1121 5091 1328 5177; x_wconf 78' lang='lat' dir='ltr'>philosophas,</span> 
     </span>
     <span class='ocr_line' id='line_1_31' title="bbox 283 5187 1329 5270; baseline 0.002 -17"><span class='ocrx_word' id='word_1_246' title='bbox 283 5190 342 5253; x_wconf 87' lang='lat' dir='ltr'>soit</span> <span class='ocrx_word' id='word_1_247' title='bbox 351 5191 505 5267; x_wconf 78' lang='lat' dir='ltr'>rbbteurs,</span> <span class='ocrx_word' id='word_1_248' title='bbox 519 5208 580 5270; x_wconf 91' lang='lat' dir='ltr'>que</span> <span class='ocrx_word' id='word_1_249' title='bbox 593 5190 622 5252; x_wconf 86' lang='lat' dir='ltr'>la</span> <span class='ocrx_word' id='word_1_250' title='bbox 632 5187 785 5263; x_wconf 62' lang='lat' dir='ltr'>curiositb</span> <span class='ocrx_word' id='word_1_251' title='bbox 808 5191 939 5253; x_wconf 82' lang='lat' dir='ltr'>l’interet</span> <span class='ocrx_word' id='word_1_252' title='bbox 952 5209 992 5254; x_wconf 92' lang='lat' dir='ltr'>ou</span> <span class='ocrx_word' id='word_1_253' title='bbox 1010 5191 1039 5253; x_wconf 89' lang='lat' dir='ltr'>le</span> <span class='ocrx_word' id='word_1_254' title='bbox 1052 5188 1133 5253; x_wconf 81' lang='lat' dir='ltr'>droit</span> <span class='ocrx_word' id='word_1_255' title='bbox 1152 5189 1279 5254; x_wconf 81' lang='lat' dir='ltr'>barbare</span> <span class='ocrx_word' id='word_1_256' title='bbox 1289 5190 1329 5255; x_wconf 91' lang='lat' dir='ltr'>de</span> 
     </span>
    </p>
   </div>
   <div class='ocr_carea' id='block_1_4' title="bbox 283 5286 1442 5370">
    <p class='ocr_par' dir='ltr' id='par_1_7' title="bbox 283 5286 1442 5370">
     <span class='ocr_line' id='line_1_32' title="bbox 283 5286 1442 5370; baseline -0.001 -18"><span class='ocrx_word' id='word_1_257' title='bbox 283 5291 314 5352; x_wconf 88' lang='lat' dir='ltr'>la</span> <span class='ocrx_word' id='word_1_258' title='bbox 332 5287 455 5351; x_wconf 86' lang='lat' dir='ltr'>victoira</span> <span class='ocrx_word' id='word_1_259' title='bbox 464 5286 807 5363; x_wconf 78' lang='lat' dir='ltr'>amenaientaRome‚&#39;b</span> <span class='ocrx_word' id='word_1_260' title='bbox 820 5287 909 5369; x_wconf 85' lang='lat' dir='ltr'>peina</span> <span class='ocrx_word' id='word_1_261' title='bbox 923 5306 962 5350; x_wconf 92' lang='lat' dir='ltr'>en</span> <span class='ocrx_word' id='word_1_262' title='bbox 976 5288 1056 5351; x_wconf 86' lang='lat' dir='ltr'>est-il</span> <span class='ocrx_word' id='word_1_263' title='bbox 1072 5305 1113 5350; x_wconf 90' lang='lat' dir='ltr'>un</span> <span class='ocrx_word' id='word_1_264' title='bbox 1124 5288 1190 5349; x_wconf 87' lang='lat' dir='ltr'>scol</span> <span class='ocrx_word' id='word_1_265' title='bbox 1209 5286 1286 5351; x_wconf 86' lang='lat' dir='ltr'>dont</span> <span class='ocrx_word' id='word_1_266' title='bbox 1307 5288 1328 5351; x_wconf 91' lang='lat' dir='ltr'>il</span> <span class='ocrx_word' id='word_1_267' title='bbox 1439 5366 1442 5370; x_wconf 76' lang='lat'><strong>.</strong></span> 
     </span>
    </p>
   </div>
   <div class='ocr_carea' id='block_1_5' title="bbox 283 5384 1327 5562">
    <p class='ocr_par' dir='ltr' id='par_1_8' title="bbox 283 5384 1327 5562">
     <span class='ocr_line' id='line_1_33' title="bbox 283 5384 1327 5471; baseline 0.001 -23"><span class='ocrx_word' id='word_1_268' title='bbox 283 5386 357 5448; x_wconf 89' lang='lat' dir='ltr'>n&#39;ait</span> <span class='ocrx_word' id='word_1_269' title='bbox 370 5384 509 5448; x_wconf 79' lang='lat' dir='ltr'>consulte</span> <span class='ocrx_word' id='word_1_270' title='bbox 523 5384 722 5466; x_wconf 79' lang='lat' dir='ltr'>l&#39;experience</span> <span class='ocrx_word' id='word_1_271' title='bbox 740 5390 772 5447; x_wconf 89' lang='lat' dir='ltr'>et</span> <span class='ocrx_word' id='word_1_272' title='bbox 783 5387 828 5447; x_wconf 92' lang='lat' dir='ltr'>les</span> <span class='ocrx_word' id='word_1_273' title='bbox 844 5386 1026 5471; x_wconf 75' lang='lat' dir='ltr'>lumibres.»</span> <span class='ocrx_word' id='word_1_274' title='bbox 1052 5386 1092 5448; x_wconf 84' lang='lat' dir='ltr'>ll.</span> <span class='ocrx_word' id='word_1_275' title='bbox 1113 5385 1152 5445; x_wconf 89' lang='lat' dir='ltr'>V.</span> <span class='ocrx_word' id='word_1_276' title='bbox 1167 5384 1208 5447; x_wconf 90' lang='lat' dir='ltr'>Le</span> <span class='ocrx_word' id='word_1_277' title='bbox 1229 5385 1327 5462; x_wconf 69' lang='lat' dir='ltr'>clerc,</span> 
     </span>
     <span class='ocr_line' id='line_1_34' title="bbox 283 5481 1090 5562; baseline -0.005 -17"><span class='ocrx_word' id='word_1_278' title='bbox 283 5482 376 5545; x_wconf 70' lang='lat' dir='ltr'>lbod.</span> <span class='ocrx_word' id='word_1_279' title='bbox 391 5481 772 5562; x_wconf 61' lang='lat' dir='ltr'>dedicendiscprabbo.</span> <span class='ocrx_word' id='word_1_280' title='bbox 1089 5507 1090 5511; x_wconf 39' lang='lat'>¹</span> 
     </span>
    </p>
   </div>
   <div class='ocr_carea' id='block_1_6' title="bbox 0 0 1772 7267">
    <p class='ocr_par' dir='ltr' id='par_1_9' title="bbox 0 0 1772 7267">
     <span class='ocr_line' id='line_1_35' title="bbox 0 0 1772 7267; baseline 0 1"><span class='ocrx_word' id='word_1_281' title='bbox 0 0 1772 7267; x_wconf 95' lang='lat' dir='ltr'> </span> 
     </span>
    </p>
   </div>
  </div>
 </body>
</html>
