3534 7267
676 1659 828 1706 snssnnrr
853 1661 888 1707 u.
919 1660 1065 1709 tuturus.
1351 1639 1404 1705 43.

342 1784 425 1879 est,
447 1797 522 1859 tum
539 1785 724 1883 intelligas,
747 1786 842 1878 illud,
869 1779 962 1883 qnod
975 1793 1049 1883 jam
1067 1785 1255 1882 expolitum
1270 1787 1402 1876 sit„in-

359 1925 416 1985 tus
435 1912 544 1983 fuisse
563 1913 628 2004 (1).
656 1944 668 1974 ι»
1221 1900 1224 1905 ’

408 2035 527 2108 Taedet
540 2056 622 2107 vcro
636 2059 699 2107 nos
717 2037 753 2106 in
771 2035 825 2106 his
844 2034 973 2108 diutius
991 2036 1168 2108 immorari
1183 2034 1309 2131 quibus
1332 2056 1403 2105 ma·

360 2161 526 2232 nifestum
547 2169 600 2231 est
614 2159 813 2231 Ciceronem
827 2183 897 2231 non
911 2160 1051 2256 impune
1071 2160 1271 2231 societatem
1286 2158 1403 2230 iniisse

361 2308 441 2356 cum
451 2281 651 2354 hominibus
665 2281 823 2379 graeculis
841 2305 949 2378 quos,
966 2292 1004 2354 ut
1018 2306 1097 2353 cum
1113 2282 1190 2379 ipso
1204 2281 1399 2378 loquamur,

366 2406 499 2479 «verbi
531 2407 765 2478 controversia
796 2413 870 2503 jam
905 2406 963 2480 diu
991 2419 1145 2504 torquet,
1178 2403 1404 2480 contentionis

363 2531 556 2628 cupidiores
575 2553 680 2626 quam
699 2531 867 2602 veritatis.
890 2563 902 2596 n
929 2534 1005 2604 Hoc
1021 2555 1103 2606 vero
1126 2531 1211 2604 mihi
1230 2531 1331 2630 longe
1348 2554 1406 2603 an-

362 2657 493 2752 tiquius
516 2665 568 2726 est
593 2655 622 2725 si
643 2652 949 2731 demonstraverim
976 2658 1195 2748 Ciceronem,
1220 2637 1404 2753 postquam

357 2780 450 2873 dixit
463 2778 500 2851 id
517 2779 609 2877 quod
620 2779 799 2875 probabile
813 2792 905 2854 esset
918 2784 1001 2854 satis
1012 2806 1176 2881 magnam
1189 2783 1265 2861 xim'
1277 2781 1405 2855 habere

364 2904 407 2978 ad
425 2917 518 2978 artes
545 2906 611 3001 (2),
638 2906 729 2978 hanc
748 2907 955 2978 sententiam
978 2908 1078 3003 quasi
1106 2906 1264 3004 exemplo
1282 2906 1407 2979 confir·
1465 2877 1471 2891 .

365 3052 475 3101 mare.
511 3027 609 3116 Quod
633 3028 727 3101 enim
762 3028 1024 3122 animadvertit,
1054 3053 1179 3128 nempe
1203 3030 1405 3127 Myronem,

364 3152 595 3250 Polycletum,
622 3152 831 3249 Lysippum,
859 3155 923 3225 etsi
948 3177 1016 3226 una
1038 3165 1089 3227 est
1111 3178 1168 3225 ars
1194 3151 1345 3250 fingendi
1371 3154 1407 3223 in

365 3301 435 3374 qua
449 3285 655 3374 praestantcs
675 3276 821 3367 fuerint,
844 3276 934 3349 inter
956 3302 992 3350 sc
1009 3276 1194 3350 dissimiles
1214 3276 1406 3370 fuissem),

366 3400 400 3473 id
419 3424 597 3497 nunquam
613 3402 800 3491 evenisset,
823 3402 851 3473 si
868 3424 963 3494 vera,
985 3425 1055 3473 non
1076 3411 1192 3473 antem
1215 3398 1409 3496 probabilia

367 3525 476 3597 secuti
498 3535 625 3596 essent.
646 3525 721 3596 Hoc
745 3536 860 3596 antem
880 3523 1061 3622 probabile
1079 3523 1148 3596 tale
1164 3534 1217 3595 est
1240 3535 1279 3596 ut
1300 3522 1409 3620 quiid

369 3649 515 3726 assecuti
532 3651 621 3740 sint,
641 3671 841 3745 quanquam
858 3650 948 3721 inter
966 3673 1001 3721 se
1021 3647 1219 3740 dissimiles,
1242 3672 1339 3745 aeque
1359 3660 1411 3719 ta·

369 3796 449 3844 men
467 3772 638 3869 placeant.

302 3959 306 3968 .
419 3900 503 3967 ltem
527 3896 569 3967 de
593 3899 747 3992 pictura,
765 3923 766 3928 ¹
781 3903 878 3992 cujus
904 3898 969 3968 etsi
987 3920 1055 3968 una
1074 3907 1126 3967 est
1151 3919 1207 3967 ars
1235 3896 1409 3993 ratioque,

370 4020 592 4094 dissimillimi
611 4032 728 4093 tamen
746 4034 828 4092 sunt
850 4023 941 4093 inter
963 4044 998 4092 sc
1018 4022 1162 4112 Zeuxis,
1185 4020 1409 4117 Aglaophon,

372 4144 532 4242 Apelles,
555 4168 666 4242 neque
684 4169 804 4218 eorum
825 4146 1009 4242 quisquam
1028 4157 1081 4217 est
1100 4146 1155 4216 cui
1172 4142 1362 4240 quidquam
1377 4144 1413 4214 in

372 4280 444 4341 arte
469 4292 532 4340 sua
555 4265 867 4340 deessevideatur.
889 4269 974 4339 Haec
993 4265 1034 4339 dc
1062 4265 1207 4338 Zeuxide
1234 4277 1270 4337 et
1295 4264 1413 4361 Apelle

372 4417 448 4489 quae
463 4399 540 4490 Jure
561 4392 771 4482 dictasunt,
794 4416 869 4464 esse
890 4415 995 4488 supra
1011 4389 1149 4463 laudem
1166 4390 1414 4489 Aglaophontis

372 4518 517 4589 forsitan
537 4519 709 4589 censuerit
722 4515 867 4606 Plinius,
885 4518 944 4614 qui
964 4541 1042 4589 eum
1058 4515 1326 4613 jamillustrem,
1346 4540 1415 4587 non

325 4622 332 4639 ⁸
372 4652 490 4714 tamen
501 4643 584 4713 artis
597 4641 787 4714 luminibus
803 4640 1099 4714 annumerandum
1114 4665 1190 4713 esse
1205 4640 1325 4714 scribit
1339 4640 1412 4735 (4);

415 4933 455 5008 (l)
477 4930 566 5003 Ptin,
581 4930 660 4990 Hist.
675 4935 754 5001 aot,
777 4928 883 5001 XXVI,
899 4930 918 4988 2
934 4946 942 4990 :
956 4951 971 4986 o
989 4928 1047 4990 Sed
1063 4930 1092 4988 in
1110 4927 1266 4989 Pariorum
1282 4923 1417 4986 mirabile

337 5105 339 5110 .
374 5025 523 5106 proditur,
535 5024 623 5105 gleba
637 5023 844 5105 lapidisunius
852 5026 958 5087 cuneis
970 5024 1167 5088 dividentium
1177 5025 1284 5094 soluta,
1309 5022 1416 5101 imagi·

375 5141 444 5184 nem
461 5123 550 5185 Sileni
562 5122 745 5183 exstitisse.»
1160 5118 1163 5123 ’

415 5222 457 5298 (2)
480 5221 636 5293 drudam,
650 5220 685 5291 ll,
701 5220 748 5279 tr.

417 5320 458 5396 (3)
483 5321 525 5378 Dc
543 5320 641 5388 Orat,
658 5318 705 5388 ΙΙΙ,
722 5318 750 5376 t.

419 5419 458 5494 (t)
482 5417 699 5489 rltn.‚xxxv‚
717 5415 765 5474 ao.
790 5401 796 5415 '
