3534 7267
433 1641 479 1709 56
821 1666 896 1721 outo
923 1666 963 1712 uu
990 1664 1092 1713 sreurs

422 1786 529 1859 libris
553 1811 640 1885 quos
657 1791 871 1885 suspicetur,
894 1801 928 1863 et
951 1791 1078 1882 latinio,
1100 1804 1194 1887 ³quos
1224 1794 1290 1865 soit
1303 1849 1305 1854 «
1318 1813 1403 1867 esse*
1421 1770 1475 1869 re-

430 1912 544 2003 lictos,
567 1912 634 2021 sibi
656 1914 877 1986 vehementer
892 1938 979 2011 opus
993 1914 1225 2007 esse-scribit,
1238 1928 1294 2009 ut,
1317 1918 1407 2014 quod
1430 1919 1475 1993 de

431 2038 560 2110 forensi
593 2038 710 2111 labore
744 2034 908 2137 temporis
940 2040 1073 2132 detur,
1095 2043 1140 2114 in¹
1161 2044 1206 2113 iis
1238 2044 1360 2117 studiis
1396 2065 1475 2118 eon·-

431 2164 594 2259 quiescat.

633 2413 718 2482 vm.
735 2451 783 2463 -—
798 2415 937 2497 Tomos
964 2431 1203 2482 urxuouoroz.

477 2657 608 2728 Haeoe
632 2666 750 2729 nostro
772 2658 947 2753 proposito
972 2657 1118 2729 fortasse
1141 2657 1263 2730 aliena>
1276 2659 1472 2750 retulimus,

429 2782 490 2855 sed
501 2808 544 2856 ex
555 2783 683 2882 quibus
697 2784 810 2880 magis
822 2782 946 2871 elucet,
961 2794 999 2854 ut
1010 2784 1144 2879 opinor,
1158 2784 1474 2867 CiceronemGrae·

428 2931 550 2980 corum
577 2908 719 3006 ingenii
734 2918 940 2999 amatorem,¹
955 2909 1072 2979 omniu
1086 2920 1164 3003 q'uae
1182 2906 1397 3003 pulchronii
1413 2919 1475 2981 aut

427 3034 631 3125 inuenerint,
643 3043 714 3103 ,aut
731 3032 931 3122 effecerint,
945 3032 1066 3104 studio
1090 3032 1340 3130 prope-eodem
1364 3034 1473 3107 fuisse

428 3158 639 3254 amplexum,
650 3180 699 3229 -ne
715 3155 799 3252 quid
812 3154 974 3229 videlieet
988 3156 1032 3229 ah
1045 3155 1088 3227 iis
1107 3157 1286 3254 cognitum
1298 3157 1474 3232 furtumve

427 3282 501 3379 ipse
517 3284 675 3379 ignorare
694 3280 760 3353 sibi
779 3275 964 3352 videretur.
989 3277 1489 3375 Attamen,.quemedmodum·

427 3408 463 3478 in
486 3406 597 3480 Tullio
614 3418 689 3479 orat
709 3406 881 3503 quaedam-
895 3404 1194 3503 paulosup'erbior
1214 3406 1401 3496 emulatio,
1434 3419 1474 3480 ut

428 3534 605 3605 Romanus
628 3531 713 3603 rivis
731 3555 799 3603 non
819 3529 864 3602 ab
882 3554 952 3602 uno
970 3529 1111 3602 homino
1126 3529 1275 3627 graeoulo
1292 3554 1471 3627 superare·

427 3666 483 3728 tur
496 3658 508 3749 (
516 3653 562 3752 1),
586 3657 636 3727 ite
648 3677 730 3727 vero
744 3667 779 3726 et
800 3653 984 3726 admiratio
1002 3678 1128 3751 magna
1141 3654 1364 3728 nobilissimae
1377 3666 1473 3729 vetu-

428 3779 526 3849 statis
545 3802 622 3874 quae
645 3780 699 3850 sui
713 3789 938 3849 monumenta
954 3788 1025 3849 tam
1041 3777 1188 3874 pulchra
1209 3790 1351 3875 tamque
1373 3802 1473 3851 vene·

428 3901 537 3975 rande
548 3902 743 3999 reliquerat.
757 3904 836 3975 Non
849 3903 955 3992 enim,
973 3892 1062 3997 quod
1072 3908 1145 3998 jam
1160 3900 1202 3975 de
1214 3902 1321 3975 Peulo
1330 3903 1474 3987 AEmilio

409 4029 412 4034 ’
428 4025 823 4117 animadvertimus,hoe
837 4038 1033 4099 nostrorum
1041 4026 1221 4099 hominum
1233 4029 1412 4125 proprium
1420 4042 1473 4099 est

427 4161 466 4221 ut
484 4150 514 4221 si
533 4150 610 4246 quis
624 4150 794 4225 Graeoiam
811 4149 901 4222 forte
919 4162 1090 4248 peragret,
1106 4150 1315 4247 templorum
1331 4150 1468 4243 rudera,

428 4287 548 4345 exesus
571 4273 770 4364 columnas,
797 4285 962 4345 truncate·
985 4273 1127 4346 deorum
1153 4274 1349 4368 simulacra,
1377 4275 1472 4348 locos

427 4396 572 4495 denique
594 4409 646 4470 tot
659 4399 832 4471 clerorum
845 4400 999 4472 virorum
1011 4402 1177 4473 memoria
1190 4424 1287 4496 paene
1302 4412 1467 4494 sacratos,

428 4522 578 4619 quadam
605 4524 781 4598 intueatur
806 4526 1012 4597 reverentie.
1033 4528 1141 4617 Nem,
1163 4528 1364 4598 Ciceronem
1379 4524 1472 4596 -lioet

428 4646 622 4739 audiamus,
644 4647 709 4720 sub
727 4648 830 4720 Attici
849 4672 1009 4745 persona,
1022 4649 1239 4746 profitentem
1257 4674 1308 4741 se,
1325 4649 1471 4720 Athenis
1489 4692 1491 4696 -

429 4928 482 4991 lib.
496 4930 575 5004 xlss,
589 4935 640 5008 Π,
651 4931 690 4993 de
707 4932 851 5013 Dionysio
870 4950 957 4997 servo
971 4934 1023 5014 qui
1037 4935 1149 4997 multos
1169 4934 1262 4996 libros
1276 4934 1303 4995 ei
1318 4933 1471 5015 surripue-

427 5033 495 5088 rat:
512 5028 594 5088 «Res
605 5027 669 5108 ipsa
681 5047 785 5109 parua,
799 5029 854 5091 sed
868 5030 960 5092 animi
973 5030 1033 5092 mei
1046 5030 1133 5094 dolor
1145 5048 1272 5110 mugnus
1282 5036 1369 5093 est.»

469 5122 508 5204 (t)
536 5122 585 5183 oli
604 5125 710 5186 voulut
728 5144 788 5206 que
808 5127 905 5189 Rome
927 5145 966 5188 ue
991 5126 1037 5188 fut
1058 5144 1113 5207 pas
1132 5128 1312 5189 au-dessous
1333 5126 1372 5188 de
1393 5144 1471 5189 oeux

427 5217 537 5299 qu’esse
553 5218 633 5281 avait
643 5219 777 5300 vaincus,
790 5228 822 5284 et
836 5223 900 5285 seul
913 5222 934 5284 il
952 5222 1134 5303 reproduisit
1153 5228 1238 5285 toute
1258 5223 1395 5285 leGreoe
1408 5242 1470 5286 oux

428 5332 507 5395 yeux
527 5314 565 5376 de
584 5334 631 5377 ses
645 5318 852 5398 eonoitoyens.
864 5343 879 5377 u
895 5321 940 5383 ›V.
954 5321 993 5381 Lo
1008 5321 1108 5398 Ciero,
1125 5324 1213 5382 turso.
1225 5323 1321 5400 prot,
1336 5320 1414 5383 trad.
1430 5320 1471 5381 do

428 5410 536 5489 Cicer„
552 5417 652 5493 lutis
1281 5440 1285 5449 ·
1343 5443 1345 5450 ·
1410 5440 1412 5445 ·
