3534 7267
518 1682 524 1695 ,
638 1647 789 1696 srssrmr
814 1650 849 1695 u.
878 1648 1027 1697 roscius.
1304 1628 1349 1697 27

311 1794 378 1866 que
396 1772 503 1845 otiose
524 1771 750 1868 contemplari
769 1783 804 1846 et
821 1771 1038 1846 considerare
1055 1772 1213 1869 crepe-rit,
1231 1795 1296 1845 nec
1315 1774 1352 1849 in

308 1894 386 1989 ipso
402 1892 532 1990 judicio
547 1895 712 1981 timuerit
730 1919 788 1988 ne,
810 1898 919 1994 ipsius
941 1896 1136 1996 cupiditatis
1156 1905 1257 1997 cujus
1272 1900 1354 1972 insi-

309 2019 509 2112 mularetur,
524 2022 758 2118 suspicionem
771 2032 927 2121 augeret.
944 2052 960 2088 o
977 2024 1029 2096 Sit
1045 2046 1128 2096 sane
1140 2022 1216 2096 haec
1231 2020 1368 2122 agendi·

308 2144 399 2217 ratio
424 2154 486 2217 aut
503 2143 548 2216 ad
572 2146 773 2239 stultitiam,
790 2157 849 2219 aut
874 2144 920 2219 ad
938 2147 1126 2220 amentiam
1151 2147 1350 2239 referenda,

310 2292 380 2342 non
403 2270 587 2344 tamenab
612 2273 757 2345 avaritia
782 2272 940 2368 prolecta
964 2285 1030 2347 est.
1058 2272 1148 2362 Quid
1174 2271 1289 2345 dicam
1312 2272 1354 2346 de

310 2394 469 2468 turibulis
492 2419 588 2492 qnae,
610 2396 716 2471 vulsis
744 2396 1031 2491 emblematibus,
1049 2395 1248 2471 remittebat
1273 2393 1353 2490 (l)?

312 2518 411 2609 Quod
427 2519 574 2612 factum,
593 2522 624 2593 si
638 2543 708 2593 non
726 2520 990 2615 abstinentiam,
1007 2531 1147 2597 atcerte
1164 2518 1354 2618 quamdam

310 2644 446 2727 artificii
470 2644 749 2742 intelligentiam,
777 2656 925 2721 testatur
947 2648 1013 2741 (2).
1030 2687 1077 2700 -
1099 2647 1145 2718 At
1174 2643 1354 2743 Cibyratas

312 2767 437 2839 fratres
459 2791 578 2842 secum
594 2768 756 2862 habebat,
772 2771 832 2867 qui
848 2768 892 2843 de
909 2772 1043 2868 optima
1057 2779 1129 2844 arte
1143 2768 1351 2868 judicarent.

309 2933 360 2947 -
384 2894 522 2967 Novum
549 2894 705 2990 profecto
729 2905 765 2967 et
790 2893 1091 2992 peneinauditum
1116 2893 1201 2967 illud
1224 2881 1277 2968 c'st
1301 2894 1350 2985 si,

309 3017 392 3113 quia
417 3016 528 3091 meno
545 3016 675 3114 judicio
692 3043 776 3092 usus
795 3018 917 3112 fueris,
940 3018 1022 3093 idco
1040 3016 1136 3092 rudis
1154 3030 1189 3092 et
1208 3018 1275 3091 tiro
1295 3017 1354 3091 ha·

310 3141 444 3218 bencus
467 3144 549 3217 eris.
572 3146 680 3243 Atqui
696 3169 779 3220 vero
801 3145 1021 3242 adoratores,
1041 3144 1135 3243 quod
1154 3168 1226 3244 uon
1245 3144 1354 3241 inepti

313 3266 462 3340 hominis
480 3268 563 3360 fuit,
594 3271 748 3368 egregios
773 3270 942 3368 elegerat,
964 3272 993 3344 si
1012 3269 1152 3367 quidem
1167 3268 1235 3362 illi,
1260 3267 1353 3366 quod

309 3414 353 3463 cx
370 3392 446 3488 ipso
468 3392 577 3465 Tullio
593 3394 846 3491 cognoscimus,
863 3392 959 3466 nulla
978 3393 1088 3490 signa,
1100 3392 1176 3464 nisi
1194 3388 1353 3487 pulcher-
1435 3382 1437 3385 ’
1489 3389 1491 3392 ’

309 3515 417 3607 rima,
442 3516 557 3590 nullas
587 3516 742 3610 tabidas,
759 3519 840 3591 nisi
866 3517 1038 3615 exquisita
1061 3525 1134 3591 arte
1159 3514 1349 3612 perlectas,

310 3643 602 3738 conquisiverunt.
631 3644 708 3740 lpse
728 3654 844 3716 autem
866 3653 1007 3740 praetor,
1028 3643 1087 3739 qui
1108 3663 1229 3717 omnes
1250 3639 1354 3712 artifi-

304 3775 381 3851 ces,
401 3765 578 3839 caelatores
592 3788 635 3874 ac
651 3767 864 3842 vascularios
882 3767 1096 3843 conduxerat
1112 3778 1151 3841 ut
1163 3790 1206 3839 ex
1218 3762 1352 3864 patellis

309 3901 345 3963 et
365 3890 524 3964 turibulis
543 3890 644 3965 vulsa
667 3889 888 3984 emblemata,
911 3893 948 3965 in
972 3892 1086 3966 aureis
1107 3887 1241 3988 poculis
1267 3888 1352 3962 scite

303 4016 492 4113 -illigarent,
508 4017 545 4089 in
559 4016 698 4115 scyphis
713 4028 793 4114 apte
810 4016 1036 4109 includerent,
1056 4038 1176 4089 curam
1190 4037 1262 4089 suae
1275 4012 1352 4087 offi-

300 4141 394 4212 cina
403 4138 489 4212 adeo
498 4138 670 4237 Cibyratis
683 4140 847 4216 fratribus
856 4163 926 4213 non
936 4137 1173 4237 permittebat,
1185 4148 1225 4211 ut
1235 4146 1354 4210 contra

307 4265 345 4336 in
358 4263 424 4336 hae
448 4294 461 4328 a
478 4270 646 4361 majorem
660 4275 796 4362 partem
810 4261 878 4337 diei
891 4288 972 4337 cum
989 4263 1107 4338 tunica
1125 4262 1220 4360 pulla
1232 4258 1352 4333 sedere

307 4388 432 4461 soleret
450 4398 485 4461 et
500 4387 605 4485 pallio
628 4389 693 4485 (3).
714 4421 727 4457 ι
866 4470 868 4474 ,
1136 4477 1140 4481 ,

356 4511 479 4585 Videat
503 4524 621 4586 autem
639 4514 688 4585 M.
705 4511 836 4587 Tullius
856 4538 915 4607 ne,
936 4538 1017 4587 cum
1030 4516 1174 4587 Verrem
1195 4522 1300 4610 negat
1314 4511 1351 4583 in

307 4636 362 4707 his
387 4636 493 4710 rebus
515 4660 592 4711 csse
618 4637 885 4736 intelligentem,
918 4638 1103 4735 suiipsius
1129 4636 1236 4707 animi
1262 4634 1352 4706 forte

304 4768 435 4856 retegat
452 4784 593 4852 sensus,
608 4760 701 4857 quod
718 4763 809 4833 enim
822 4760 909 4833 dixit
925 4791 939 4824 c
957 4784 1015 4833 eas
1031 4759 1220 4857 intelligere
1234 4758 1352 4830 nescio

306 4884 390 4982 quid
418 4859 639 4983 nugatorium
665 4910 775 4959 esses
809 4885 877 4958 hoc
904 4909 974 4957 non
998 4908 1082 4957 vcro
1106 4884 1222 4956 animo
1241 4882 1348 4973 dixit,

343 5118 384 5194 (1)
406 5118 456 5189 lV,
476 5119 515 5178 at
532 5134 540 5178 :
558 5116 696 5178 «Tenuit
718 5116 778 5178 hoc
803 5116 974 5179 institutum
991 5114 1024 5177 in
1040 5116 1179 5180 turibulis
1198 5113 1351 5193 amnibus,

166 5223 170 5228 ’
303 5233 500 5296 quaecunque
515 5214 546 5275 in
559 5214 659 5277 Sicilia
671 5214 804 5277 fuerunt.
816 5238 831 5273 o

346 5311 388 5388 (2)
409 5312 486 5373 Vide
497 5311 748 5375 narratiunculam
763 5313 801 5377 da
810 5312 975 5392 Pamphile,
992 5313 1047 5387 1V,
1065 5314 1114 5372 ll.

346 5413 384 5486 (3)
405 5410 444 5469 In
465 5412 559 5487 Vera,
576 5410 625 5485 lV,
638 5412 689 5471 ul.
