3534 7267
413 1719 460 1785 ld
803 1735 1071 1791 mmmmm

412 1865 501 1937 derit
517 1886 622 1959 supra
638 1886 778 1953 verum,
800 1865 848 1935 ite
865 1887 935 1935 non
960 1863 1150 1959 explevisse
1173 1860 1316 1935 deorum
1336 1875 1457 1935 aueto-

413 1989 563 2060 ritatem.
1019 2003 1020 2007 ’
1243 2071 1245 2075 .

462 2115 642 2208 Nusquam
666 2122 780 2183 autem
803 2112 838 2181 in
864 2112 1046 2182 Ciceronis·
1065 2109 1164 2182 libris
1186 2112 1338 2208 reperio,
1364 2110 1462 2207 quod

415 2236 459 2309 ab
488 2260 528 2309 eo
561 2235 604 2307 de
634 2236 784 2333 Lysippo
815 2233 1028 2306 affirmatum
1059 2235 1190 2307 Plinius
1223 2235 1344 2307 scribit
1371 2238 1453 2328 til:

414 2384 537 2457 nempe
552 2360 646 2433 hune
660 2359 820 2456 opificem
836 2359 948 2454 primo
963 2359 1123 2430 cerarium
1139 2357 1291 2450 labrum,
1311 2348 1455 2432 audendi

415 2487 583 2577 rationein
611 2486 741 2581 cepisse
772 2484 915 2580 pictoris
947 2485 1119 2579 Eupompi
1146 2507 1313 2580 responso
1339 2509 1347 2551 :
1378 2508 1463 2556 eum·

413 2613 528 2702 enim,
553 2610 777 2707 interroganti
796 2632 901 2705 quem
931 2622 1132 2705 sequeretur
1159 2609 1454 2699 antecedentium,

415 2734 554 2827 dixisse,¹
569 2733 804 2805 demonstrate
819 2733 1000 2805 hominum
1011 2732 1243 2825 multitudine,
1269 2763 1282 2798 e
1299 2745 1459 2806 naturam

416 2861 529 2955 ipsam
558 2856 759 2928 imitandam
794 2881 888 2947 esse,
916 2883 984 2930 non
1013 2858 1227 2930 artificem.»
1261 2862 1345 2931 Esto
1374 2857 1460 2931 illud

417 2986 544 3058 Noster
574 2982 778 3072 narraverit3
816 2992 933 3052 temen
964 2980 1089 3053 alicubi
1124 2993 1296 3054 memoret
1335 3005 1458 3054 vocem

252 3126 256 3135 ’
371 3173 382 3182 ,.
418 3102 606 3202 quemdem
619 3105 779 3201 Lysippi,
797 3104 855 3200 qui
870 3103 1034 3202 Polycleti
1048 3104 1285 3203 doryphorum
1301 3104 1367 3178 sibi
1386 3130 1460 3178 ma-

416 3231 564 3327 gistrum
592 3230 700 3301 fuisse
722 3229 875 3301 confiteri
898 3229 1030 3302 solebat
1049 3232 1114 3325 (2).
1131 3232 1211 3303 Fuit
1237 3232 1341 3303 etiem
1368 3229 1461 3303 idem

419 3354 554 3444 artifex,
581 3354 721 3445 Charis,
739 3364 826 3425 teste
850 3353 979 3446 Tullio,
1001 3356 1166 3452 magister
1184 3379 1255 3426 non
1272 3357 1339 3426 isto
1358 3353 1462 3428 modo

418 3490 456 3551 ut
468 3492 571 3574 ceput
582 3478 777 3550 ostenderet
793 3480 960 3575 Myronis,
976 3478 1119 3550 brachie
1133 3479 1325 3571 Praxitelis,
1342 3491 1462 3576 pectus

419 3602 599 3699 Polycleti,
624 3601 684 3674 sed
702 3615 740 3674 ut
756 3604 874 3674 omnia
892 3626 1009 3674 eorem
1028 3602 1198 3700 discipulo
1218 3605 1349 3678 faceret
1368 3604 1436 3701 (3).

468 3731 546 3798 Jem
570 3737 684 3797 eutem
704 3714 832 3797 mirum
858 3725 1005 3798 fortasse
1024 3725 1198 3801 videbitur
1218 3729 1380 3821 Tullium,
1404 3729 1463 3826 qui

420 3874 537 3923 rerum
556 3846 691 3922 illarum
709 3872 745 3920 se
764 3848 885 3921 rudem
904 3872 980 3923 esse
997 3852 1186 3946 saepissime
1203 3852 1380 3948 professus
1394 3862 1466 3943 cst·

421 3974 633 4072 singulorum
667 3972 838 4044 artificum
863 3973 1005 4046 virtutes
1034 3986 1137 4070 etque
1163 3978 1248 4078 uitia
1274 3987 1345 4047 tem
1379 3976 1464 4047 scite
1579 3990 1583 4000 “

421 4110 561 4193 temque
582 4093 752 4167 subtiliter
771 4094 970 4191 dignoscere
995 4121 1002 4164 :
1024 4099 1151 4193 etipse
1176 4095 1283 4186 addit,
1303 4109 1342 4169 ut
1359 4120 1466 4194 nuge-

420 4221 516 4293 toriae
541 4220 694 4292 scientiae
720 4220 907 4314 suspicioni
934 4232 1114 4311 occurram
1134 4244 1176 4294 ee
1200 4246 1279 4319 quoe
1308 4221 1466 4295 dicturus
1492 4315 1498 4320 ι

422 4358 477 4416 est
504 4341 670 4416 omnibus
694 4355 777 4416 note
797 4367 872 4417 esse
903 4347 964 4439 qui
992 4344 1068 4418 haec
1093 4348 1228 4419 minora
1251 4347 1467 4421 animadver-

422 4478 498 4541 tunt
515 4467 580 4563 (4).

471 4588 626 4662 Viderint
654 4590 713 4663 elii
743 4593 854 4664 sintne
887 4593 963 4666 haee
994 4595 1129 4667 minore
1166 4618 1210 4666 an
1241 4619 1310 4667 non
1334 4594 1466 4693 judicio

423 4717 553 4803 Nostri,
573 4726 620 4807 et,
641 4714 735 4811 quod
750 4714 839 4788 bene
851 4718 936 4808 seio,
957 4718 1046 4809 haec,
1062 4720 1200 4792 temetsi
1215 4721 1352 4792 minora
1368 4733 1462 4813 sunt,

423 4860 569 4935 magnus
585 4850 702 4911 orator
721 4838 963 4912 animadvertit
986 4852 1018 4913 et
1036 4842 1123 4915 mire
1145 4843 1325 4917 intellexit.
1347 4847 1465 4940 ltaque

465 5096 504 5171 (r)
525 5092 760 5172 run.,xxx1v‚
777 5098 825 5158 re.

465 5192 503 5273 (r)
524 5192 649 5267 cretus,
664 5193 821 5269 cxxxvi,
836 5196 907 5255 roc.

346 5302 349 5307 ·
405 5259 417 5290 ‘
465 5288 504 5367 (3)
528 5289 574 5348 re
600 5290 797 5364 resectum,
821 5290 872 5351 ue.
903 5293 951 5367 iv,
979 5296 1016 5369 c;
1046 5293 1111 5355 viee
1138 5295 1228 5384 enam
1255 5296 1292 5359 de
1317 5299 1463 5379 Lysippo,

426 5386 640 5461 mmmffi
1547 5389 1552 5394 ’

466 5483 840 5560 fflfflmwssfflw.
