3534 7267
680 1708 834 1755 sarsurus
861 1710 892 1754 n.
921 1707 1067 1755 ruamus.
1350 1690 1393 1757 13
1422 1757 1426 1765 ,

350 1837 463 1908 nuerit
486 1855 591 1931 quam
617 1835 801 1907 Marcellus
827 1838 896 1928 (l),
916 1836 1030 1931 ipsum
1049 1818 1274 1927 Mummium,
1298 1844 1394 1933 cujus

349 1960 592 2033 abstinentiam
608 1960 818 2059 singularem
833 1962 960 2033 Noster
973 1957 1137 2050 laudavit,
1156 1961 1302 2058 exempli
1318 1980 1395 2059 gra-

349 2088 398 2157 tia
417 2087 563 2158 afferam
582 2085 698 2164 :nihil
723 2085 795 2175 ille,
815 2095 853 2156 ut
872 2085 991 2155 Cicero
1015 2093 1173 2176 testatur,
1195 2087 1299 2159 exiis
1318 2089 1393 2184 opi·

347 2215 415 2282 bus
444 2211 723 2305 ornamentisque
751 2232 829 2306 quaa
859 2206 1028 2305 praedives
1053 2208 1234 2280 Corinthos
1258 2208 1389 2296 habuit,

348 2332 490 2407 domum
509 2358 609 2406 suam
635 2335 797 2426 contulit,
822 2333 881 2405 sed
899 2336 975 2429 quis
994 2334 1104 2405 nescit
1121 2331 1220 2405 illum
1245 2345 1316 2407 tam
1340 2357 1395 2407 ru·

245 2549 247 2554 ¹
347 2456 426 2531 dem
449 2458 558 2530 fuisse
575 2469 626 2550 ut,
646 2470 746 2555 capta
768 2457 943 2549 Corintho,
967 2480 1045 2528 cum
1064 2457 1296 2530 maximorum
1314 2459 1393 2530 arti-

346 2583 452 2654 ficum
471 2582 643 2678 perlectas
662 2581 822 2654 manibus
841 2581 977 2654 tabulas
997 2605 1037 2653 ac
1056 2591 1187 2655 statuas
1206 2584 1242 2654 in
1257 2581 1391 2655 ltaliam

279 2789 282 2801 λ
347 2702 530 2801 portandas
552 2705 698 2795 locaret,
720 2704 859 2801 juberet
879 2703 1022 2801 praedici
1050 2705 1339 2797 conducentibus,
1362 2709 1391 2778 si

327 2899 329 2904 ,
347 2852 404 2901 eas
421 2828 660 2927 perdidissent,
676 2852 782 2901 novas
798 2853 856 2901 eos
878 2828 1071 2901 reddituros
1093 2830 1156 2921 (2).
1181 2827 1286 2919 ldem,
1304 2837 1392 2901 teste

344 2956 454 3028 Plinio
484 2956 556 3047 (3),
579 2978 649 3026 non
672 2954 767 3051 prius
793 2955 991 3049 suspicatus
1018 2963 1071 3026 est
1093 2951 1223 3049 aliquid
1240 2949 1399 3043 virtutiS,

345 3077 435 3176 quod
448 3080 522 3175 ipsc
530 3079 690 3169 nesciret,
703 3101 779 3149 esse
791 3078 827 3149 in
839 3076 959 3150 tabula
971 3076 1203 3173 pulcherrima
1213 3076 1387 3168 Aristidae,

345 3226 450 3299 quam
473 3226 534 3275 rex
559 3201 694 3273 Attalus
720 3223 797 3273 cam
822 3202 934 3273 sexies
963 3211 1054 3273 cent.
1081 3202 1277 3273 sestertium
1300 3201 1386 3275 mill.

327 3332 499 3425 coiisset.

389 3454 475 3526 ¹Fuit
495 3476 577 3525 sane
595 3456 733 3551 ingenio
755 3453 908 3526 humano
936 3464 971 3524 et
989 3452 1122 3525 libcrab
1149 3457 1188 3526 L.
1207 3456 1322 3551 Scipio
1346 3454 1390 3528 de
1421 3516 1426 3524 .

344 3600 411 3673 quo
438 3576 617 3651 dicebatur
637 3605 644 3645 :
666 3576 841 3652 neminem
866 3580 937 3651 boc
962 3578 1036 3651 viro
1064 3580 1252 3678 elegantius
1286 3582 1390 3654 inter-

341 3698 432 3773 valla
457 3704 672 3799 negotiorum
699 3704 768 3775 otio
789 3702 1007 3801 dispunxisse
1038 3706 1088 3800 (4)
1109 3734 1117 3773 :
1142 3703 1202 3776 sed
1229 3703 1387 3777 eumdem

342 3833 532 3917 amatorem
551 3826 729 3923 signorum
750 3827 1020 3924 tabularumque
1038 3829 1209 3925 pictarum
1230 3830 1314 3901 satis
1330 3829 1390 3901 fri-

340 3948 460 4046 gidum
480 3950 587 4022 luisse
612 3950 688 4024 ideo
709 3952 879 4047 arbitror,
899 3954 991 4049 quod
1016 3954 1091 4025 baeo
1110 3966 1313 4027 ornamenta
1342 3956 1387 4027 ad

342 4096 458 4145 sacros
482 4073 710 4171 publicosque
740 4100 825 4148 usus
850 4088 984 4149 tantum
1014 4073 1137 4149 idonea
1163 4102 1238 4150 esse
1272 4099 1388 4151 cense-

341 4198 402 4271 bat
428 4202 503 4290 (5),
535 4224 612 4296 quae
638 4199 779 4297 quidem
809 4204 1074 4275 sententiatum
1095 4203 1160 4276 fuit
1187 4200 1257 4275 non
1284 4206 1386 4277 unius

339 4322 503 4412 hominis,
519 4322 580 4394 scd
594 4323 666 4397 fere
680 4326 836 4397 omnium
859 4329 1096 4400 Romanorum
1115 4329 1241 4425 quibus
1259 4332 1384 4404 artium

339 4470 530 4544 graeoarum
545 4472 650 4545 opera
665 4474 734 4520 non
754 4449 856 4521 aliam
877 4449 924 4549 ob
938 4473 1079 4524 causam
1097 4476 1172 4526 esse
1194 4454 1385 4549 expetenda

380 4787 422 4865 (l)
442 4787 499 4848 Tit.
522 4787 600 4861 Liv.,
620 4787 738 4864 tulvll,
760 4788 810 4847 16.
831 4808 847 4845 «
869 4785 924 4860 Qui
948 4785 1144 4864 interroganti
1169 4783 1285 4860 soribae,
1308 4786 1384 4866 quid

338 4883 404 4946 lieri
420 4884 513 4963 signis
526 4884 615 4946 vellet
634 4883 774 4963 (ingentis
790 4882 1006 4963 magnitudinis
1024 4882 1064 4943 dii
1079 4888 1159 4958 sunt,
1180 4899 1236 4945 suo
1254 4882 1383 4963 quisque

336 4981 441 5044 habitu
454 4982 485 5044 in
498 4982 624 5045 modum
638 4981 840 5061 pugnantium
853 4970 985 5057 formati)
1007 4980 1082 5043 deos
1103 4980 1194 5042 iratos
1214 4979 1382 5044 Tarentinis

339 5079 467 5160 relinqui
478 5079 578 5158 jussit.
598 5103 611 5136 »

195 5249 197 5254 ,
324 5178 326 5181 ’
379 5172 420 5255 (ἓ)
442 5176 518 5239 Vell.
533 5178 665 5253 Patere„
679 5177 730 5237 lib.
747 5179 769 5250 l,
782 5178 874 5237 cta

238 5332 242 5336 ,
379 5276 421 5352 (a)
443 5255 605 5347 xxxta.

365 5375 416 5450 ld)
437 5371 514 5433 Vell.
531 5374 609 5447 Pat,
624 5374 649 5448 1,
666 5376 714 5434 tr.

377 5470 419 5548 (5)
443 5471 479 5530 la
497 5473 592 5567 (θη,
608 5477 666 5533 act.
682 5472 718 5545 ll,
733 5471 786 5532 lib.
801 5472 853 5546 lv,
871 5492 901 5552 e,
912 5474 962 5533 tl.
