3534 7267
693 1700 846 1751 sxususm
872 1682 1077 1754 mouimus.
1362 1686 1411 1756 63.

364 1827 500 1924 generis
513 1828 612 1902 istius
631 1826 724 1899 modi
738 1826 966 1919 medelectat‚
987 1829 1123 1923 pictura
1133 1828 1287 1903 'delectat
1301 1836 1365 1925 (1).
1391 1865 1407 1917 u
1434 1853 1438 1864 ’

365 1956 419 2026 Ex
448 1979 517 2050 qua
545 1956 715 2030 sententia
739 1955 840 2028 nobis
869 1956 1024 2051 profecto
1059 1962 1172 2052 majus
1200 1956 1408 2040 excitabitur

363 2078 571 2152 desiderium
600 2090 653 2151 tot
688 2079 857 2153 nobilium
885 2054 1080 2154 tabularum
1106 2104 1194 2177 quas
1223 2080 1261 2152 in
1291 2103 1410 2177 perpe-

363 2216 462 2275 tuum
480 2203 674 2276 amisimus.
700 2205 908 2299 Quanquam
931 2204 1023 2276 enim
1039 2203 1408 2282 nonnullinostrarum

362 2329 490 2401 artium
513 2326 709 2400 laudatores
730 2329 948 2419 existimant,
969 2330 1093 2407 nescio,
1107 2353 1177 2425 qua
1198 2332 1409 2425 experientia

363 2453 455 2544 freti,
473 2465 607 2524 veteres
625 2452 793 2545 artifices,
818 2466 859 2527 ut
877 2454 914 2526 in
933 2454 1041 2552 signis
1064 2456 1215 2527 maxime
1237 2454 1409 2528 excellen-

363 2577 587 2671 metuerim,
613 2603 683 2652 non
707 2581 881 2654 tamenin
911 2582 1014 2678 pictis
1043 2580 1170 2654 tabulis
1191 2580 1293 2679 hujus
1321 2584 1406 2655 artis

362 2727 502 2777 omnem
527 2705 598 2777 vim
626 2703 819 2778 ostendisse
849 2709 923 2802 (2),
949 2717 1068 2804 utpote
1095 2707 1155 2803 qui
1185 2706 1409 2806 paucioribus

363 2826 537 2900 coloribus
549 2850 656 2924 quam
668 2829 777 2900 nostri
793 2828 993 2919 utebantur,
1014 2839 1139 2902 testem
1161 2828 1324 2903 adversus
1344 2853 1407 2902 eos

363 2950 515 3024 Tullium
543 2950 727 3042 babemus,
750 2944 856 3048 quem
879 2953 1032 3044 scimus,
1055 2952 1249 3049 prasertim
1267 2975 1311 3025 ex
1331 2972 1409 3026 oro«

361 3077 452 3148 tione
471 3087 595 3172 quarta
615 3077 653 3148 in
671 3079 831 3168 Verrem,
855 3088 988 3173 quanta
1005 3074 1231 3150 admiratione
1256 3088 1406 3173 quento-

362 3220 429 3294 quc
449 3197 562 3271 studio
582 3208 640 3271 aut
658 3221 733 3272 aera
753 3200 923 3297 Myronis,
945 3210 1006 3270 aut
1028 3197 1210 3271 Praxitelis
1230 3199 1407 3281 marmora-

360 3306 554 3416 describat3
580 3346 780 3421 quanquam
795 3322 889 3398 idem
903 3322 1037 3397 fatetur
1056 3346 1093 3395 se
1119 3337 1192 3394 non
1205 3332 1277 3393 tem
1297 3321 1407 3418 signis

362 3473 468 3546 quam
481 3449 583 3546 pictis
600 3449 728 3524 tabulis
745 3448 923 3523 delectari.
941 3450 1065 3545 Neque
1083 3457 1201 3525 umen
1220 3444 1406 3530 credamus

360 3551 498 3645 tabulas
522 3573 554 3645 ei
578 3575 691 3671 magis
711 3583 870 3671 acceptas
896 3573 1004 3649 fuisse
1025 3579 1210 3669 propterea
1225 3569 1317 3668 quod
1338 3570 1408 3651 for-,-

359 3720 437 3769 mas
449 3698 617 3795 egregias,
633 3708 693 3770 aut
704 3699 836 3794 optime
846 3696 1057 3772 lineamento
1070 3694 1181 3770 oculis
1194 3696 1406 3793 preberent,

360 3846 471 3917 neque
497 3845 578 3894 eum
603 3821 648 3894 ad
674 3822 806 3896 colores
827 3845 968 3919 quoquo
992 3822 1187 3919 respexisse
1205 3823 1241 3894 in
1259 3821 1403 3918 quibus,

401 4096 442 4172 (i)
455 4096 556 4171 Epist.
566 4093 674 4171 samii.
688 4093 742 4156 lib.
758 4087 1277 4171 vu‚s,cdea11.-«Savi11ade
1291 4093 1406 4181 ‘brecu-

360 4191 423 4254 1um
437 4190 514 4254 avait
526 4198 693 4274 appartenu
707 4209 747 4254 au
763 4188 915 4266 dietatem
927 4191 1020 4272 Sylla,
1034 4195 1066 4253 et
1078 4190 1168 4270 l’ony
1181 4188 1280 4271 royait
1296 4206 1406 4271 encore

360 4307 419 4351 une
439 4288 577 4371 peinture
598 4288 650 4370 qui
674 4283 873 4370 represented
892 4289 923 4351 la
948 4286 1068 4351 celebre
1088 4286 1212 4351 victoira
1232 4286 1306 4368 qu'il
1328 4287 1408 4372 avait

359 4386 541 4468 remportee,
558 4387 628 4467 pres
639 4386 678 4447 de
691 4381 780 4461 Nolo,
792 4381 867 4449 dans
880 4383 911 4449 la
926 4404 1034 4466 guerre
1047 4384 1216 4466 Mariique,¹
1226 4385 1267 4448 ou
1280 4384 1406 4451 Cicerou

359 4482 540 4565 avalt'porte
553 4483 598 4545 les
617 4498 727 4545 armes.
743 4475 853 4547 »Vnt
870 4486 912 4547 Le
924 4480 1019 4559 Cloio,
1039 4484 1072 4546 9·
1085 4485 1185 4563 suppl.
1202 4480 1233 4544 7ὰῑ
1248 4484 1281 4544 to'
1304 4483 1353 4543 Via
1370 4480 1408 4547 de.

365 4584 502 4658 Ciceros,
514 4600 547 4662 p.
561 4584 635 4644 324.
672 4610 674 4613 >
742 4577 744 4581 ’

362 4722 365 4727 ,
400 4681 440 4758 (2)
456 4678 534 4741 Vide
546 4684 672 4743 moue:
689 4678 786 4741 «Une
806 4686 965 4760 mosaique
978 4677 1050 4740 telle
1070 4696 1131 4758 que
1149 4678 1178 4739 la
1190 4677 1278 4738 nbtre
1300 4692 1340 4737 ne
1353 4665 1407 4737 re-⁴

358 4775 524 4857 produisait
548 4776 801 4860 necessairoment
832 4777 877 4839 les
897 4774 1132 4838 chefe-d’oeuvre
1159 4772 1197 4835 de
1215 4771 1245 4833 la
1268 4770 1406 4852 peinture

358 4892 490 4955 grecque
506 4892 566 4956 que
585 4891 657 4935 sous
678 4871 733 4935 dee
751 4872 837 4935 treits
857 4872 1001 4949 establis,
1025 4889 1097 4934 avec
1109 4870 1165 4933 des
1178 4866 1348 4954 conditione
1362 4867 1407 4929 in·

358 4970 531 5033 suffiscntes
535 4988 546 5049 3
567 4970 596 5033 lc
611 4968 729 5032 sciencc
745 4975 776 5031 et
789 4970 820 5032 la
838 4970 946 5050 puretd
960 4969 1002 5033 du
1021 4967 1137 5045 dessin,
1156 4966 1186 5030 la
1210 4964 1319 5029 fineme
1333 4965 1406 5027 atla

359 5065 544 5148 profoudeur
557 5068 596 5129 de
609 5066 821 5147 l’expressiou‚
846 5068 876 5129 la
895 5065 994 5147 mugio
1007 5067 1050 5129 du
1065 5064 1176 5128 coloris
1184 5110 1195 5143 ,
1209 5063 1255 5127 les
1267 5062 1355 5126 etfets
1367 5063 1405 5125 de

358 5166 388 5227 ta
400 5164 584 5246 perspectiva
596 5164 732 5227 devenient
742 5165 851 5246 perdre
864 5165 1023 5247 beaucoup
1032 5166 1051 5227 a
1061 5166 1126 5227 etro
1137 5161 1266 5226 traduits
1277 5178 1316 5223 cn
1324 5179 1405 5234 mar-

358 5261 428 5339 bre,
441 5264 542 5325 meme
554 5280 610 5344 per
622 5262 677 5325 des
689 5261 786 5326 nidus
798 5264 954 5328 exerce'es.
969 5284 985 5322 r
1003 5262 1099 5326 Reoul
1115 5260 1281 5335 nonnette,
1293 5260 1403 5335 imore,

358 5360 411 5420 dcx
434 5361 584 5437 Sasonis,
616 5357 679 5421 mai
702 5357 797 5439 1833,
820 5380 874 5422 eur
896 5361 949 5422 des
975 5367 1144 5439 mocutqucs
1167 5358 1356 5418 decocoertcs
1385 5358 1404 5414 ὰ

359 5462 493 5536 Pompei.
