3534 7267
385 1731 430 1798 31
772 1751 848 1807 outo
875 1753 914 1797 na
938 1752 1040 1800 sionis

382 1878 540 1965 omnino,
562 1877 690 1972 quippe
709 1878 769 1972 qui
788 1876 830 1948 de
844 1876 979 1949 luxuria
1001 1878 1113 1949 aliena
1132 1878 1241 1950 multa
1256 1903 1419 1974 querens,

381 2022 419 2070 se
438 2023 575 2095 quoque
593 2000 787 2086 confitetur,
808 2024 946 2073 monum
967 2014 1001 2073 et
1023 2013 1218 2108 temporum
1239 2005 1335 2093 vitio,
1365 2006 1423 2078 ali-

382 2136 547 2219 quantum
560 2126 664 2197 etiam
679 2126 714 2197 in
728 2126 843 2197 saeeuli
856 2127 911 2197 sui
924 2150 1035 2198 errore
1052 2126 1198 2198 fortasse
1211 2129 1339 2199 versari
1353 2131 1418 2223 (1).

379 2253 451 2345 Age
473 2250 517 2319 sit
533 2248 619 2322 illud
638 2249 681 2321 ab
700 2273 740 2322 ao
757 2261 919 2345 negatum
939 2277 946 2319 :
974 2274 1087 2322 nonne
1104 2253 1207 2321 etiam
1229 2254 1364 2349 negavit
1383 2277 1420 2325 se

377 2374 500 2447 haeum
515 2399 644 2467 renum,
662 2376 789 2472 quibus
803 2378 927 2447 Verres
944 2376 1190 2462 delectabatur,
1210 2402 1279 2449 non
1296 2379 1418 2453 rudem

375 2522 451 2570 esse
468 2501 520 2594 (2)
533 2502 551 2572 i
565 2503 688 2575 Nonne
703 2498 802 2588 alias,
823 2523 903 2571 oum
918 2499 1084 2572 fateretur
1098 2524 1135 2571 se
1148 2525 1283 2597 quoque
1298 2503 1417 2576 oeulos

373 2621 526 2693 eruditos
548 2622 694 2712 habere,
718 2623 792 2694 haee
819 2621 962 2694 subinde
987 2621 1136 2719 adjecit:
1171 2655 1183 2687 (ε
1205 2624 1273 2695 Sed
1290 2627 1339 2697 ita
1361 2651 1417 2699 ve-

373 2758 476 2815 nusta
501 2744 694 2816 habeantur
717 2746 799 2835 ista,
826 2768 896 2815 non
920 2757 958 2816 ut
979 2745 1117 2817 vinnula
1143 2749 1296 2820 vinorum
1324 2752 1411 2840 sint,

372 2868 432 2941 sed
450 2883 488 2939 ut
505 2869 758 2941 oblectamenta
775 2894 961 2965 puerorum
981 2871 1018 2964 (3
1023 2901 1047 2960 ,a
1069 2905 1081 2933 υ

409 3185 449 3262 (1)
471 3185 602 3259 Ραν((1.,
617 3185 667 3255 VI,
680 3188 709 3246 3.
722 3218 760 3229 -
775 3186 816 3243 De
831 3182 908 3244 villis
927 3182 1086 3245 Ciceronis.
1101 3183 1169 3245 Vid.
1186 3202 1194 3246 :
1212 3186 1244 3245 2⁰
1254 3186 1359 3264 Suppi.
1375 3186 1412 3245 de

367 3283 399 3341 ia
410 3286 456 3340 iiie
468 3282 507 3340 de
518 3281 642 3343 Ciciron
654 3299 710 3361 par
720 3282 761 3341 M.
779 3280 857 3341 Viot.
873 3281 913 3341 Le
928 3279 1067 3359 Clero,p.
1079 3282 1148 3350 322,
1159 3288 1222 3344 not.
1239 3285 1253 3343 1
1273 3304 1280 3340 :
1298 3303 1314 3341 a
1328 3286 1410 3343 Aua-

366 3384 512 3458 yninum,
538 3385 678 3452 Antium,
700 3381 846 3457 Arpinas,
874 3382 998 3456 Astura,
1023 3380 1185 3455 Calenum,
1219 3382 1406 3457 Clusinium,

368 3479 545 3546 damnum,
567 3478 777 3552 Faberianum,
801 3478 1008 3549 Formianum,
1028 3478 1191 3554 Frusinas,
1211 3478 1406 3557 Fundanum,

365 3576 443 3636 dorii
458 3576 633 3650 suburbani,
648 3579 758 3635 incerti
770 3576 911 3650 nominis,
925 3575 1009 3634 loeus
1020 3572 1183 3655 (Baianum)
1202 3577 1406 3654 Lanuuinum,

366 3675 598 3749 Pompeianum,
626 3673 839 3743 Puteolanum,
862 3671 1093 3748 Sinuessanum,
1116 3672 1329 3746 Tusculanum,
1355 3674 1407 3735 Vi-

364 3787 416 3829 aus
429 3770 496 3849 (Ep.
513 3766 596 3842 iam,
617 3768 695 3840 XIV,
707 3768 745 3845 i),
769 3768 981 3827 Vestianum.»
1002 3767 1062 3827 «Si
1086 3766 1148 3831 l’on
1160 3774 1232 3829 veut
1252 3768 1373 3847 jaindre
1387 3772 1406 3831 b

364 3866 393 3927 la
405 3864 484 3942 liste,
497 3863 592 3927 ditos.
604 3863 683 3939 Via,
697 3866 738 3924 Le
750 3863 847 3940 Clare,
859 3868 938 3924 cette
954 3861 1071 3924 maison
1085 3862 1227 3944 (Antias),
1245 3866 1321 3943 66116
1332 3868 1406 3948 qu'il

363 3962 441 4025 avait
454 3980 565 4024 encore
589 3961 663 4024 dans
674 3963 797 4039 Anauni
822 3960 937 4035 meme,
951 3959 1031 4021 aussi
1049 3960 1117 4022 bien
1135 3962 1248 4041 qd'aux
1265 3962 1405 4027 environs

363 4061 401 4124 (16
418 4066 496 4123 cette
518 4059 597 4137 ville,
620 4077 660 4123 on
675 4076 713 4120 en
726 4076 800 4120 aura
818 4056 987 4137 vingt-trois
994 4074 1005 4137 ;
1020 4057 1096 4120 mais
1117 4058 1137 4121 il
1150 4059 1214 4121 saut
1229 4078 1405 4143 remosquer

362 4176 421 4239 que
435 4157 586 4239 plusieuis
606 4155 749 4218 n'etaient
773 4173 833 4235 que
854 4154 893 4217 de
918 4154 1025 4235 petites
1043 4155 1175 4218 maisons
1202 4157 1240 4220 de
1262 4176 1401 4242 passage,

362 4273 481 4319 comme
499 4255 575 4317 aelle
597 4254 636 4315 de
658 4254 808 4331 Sinuessa,
827 4258 859 4313 et
877 4270 937 4333 que
954 4252 1077 4316 Ciedron
1102 4254 1199 4316 s'etait
1217 4257 1403 4322 successive-

362 4357 446 4414 ment
459 4350 550 4413 defait
571 4350 610 4412 de
630 4350 868 4431 quelques-unes
881 4365 959 4429 pour
980 4367 1019 4410 en
1039 4349 1161 4410 aoheten
1175 4350 1317 4414 d'autnes.
1331 4375 1347 4412 n
1362 4339 1402 4403 έ-

362 4451 434 4511 «On
450 4445 627 4528 comprend,
648 4444 802 4525 al'aspeet
820 4443 857 4506 de
877 4449 955 4505 cette
978 4443 1142 4506 habitation
1165 4445 1203 4507 de
1225 4447 1401 4527 Pompe'i...,

359 4544 489 4607 l’inte'ret
502 4561 561 4625 que
575 4542 691 4623 prenait
714 4541 837 4604 Ciee'nou
857 4559 915 4602 aux
943 4540 1213 4605 embellissemeots
1231 4544 1305 4624 qu'il
1326 4545 1401 4607 diri-

359 4646 525 4727 geaitdans
548 4645 579 4707 la
598 4643 714 4706 maison
743 4642 781 4706 de
802 4660 857 4704 son
883 4641 962 4704 frere
986 4644 1124 4721 Quintus,
1146 4645 1328 4726 adruinum
1348 4650 1401 4726 (ad

358 4745 536 4821 Quint.,111,
552 4745 579 4821 1)
597 4740 847 4804 :intereolumnia
860 4740 1118 4805 deambulationis.
1135 4742 1237 4823 sylva
1248 4743 1399 4808 viriditate
1427 4797 1430 4802 .

357 4842 537 4904 aviarium...
552 4839 755 4922 pavimentata
768 4839 935 4919 ponticus.»
951 4840 986 4901 R.
1002 4840 1161 4913 Roehetie,
1181 4860 1235 4902 sur
1254 4842 1306 4903 des
1326 4862 1395 4904 mo-

356 4948 475 5018 suiques
487 4940 523 5000 de
533 4941 669 5016 Pompei,
680 4939 784 4999 ioum.
799 4936 852 4999 des
860 4955 937 5013 sav,
953 4937 1011 5000 mai
1026 4929 1114 5001 1833.
1325 4927 1328 4934 ’

398 5037 436 5113 (2)
457 5037 497 5096 In
513 5038 607 5111 Vera,
623 5034 675 5095 lib.
692 5036 728 5109 u,
741 5036 789 5095 35.
810 5036 896 5115 «Nos
919 5034 971 5115 qui
990 5035 1200 5098 rudesbarum
1220 5054 1321 5099 rerum
1343 5058 1396 5101 su-

357 5151 435 5195 mus.
453 5154 468 5189 o

398 5234 437 5307 (3)
459 5230 586 5306 Parni„
602 5231 639 5303 V,
652 5248 678 5311 e.
695 5230 726 5289 i.
