3534 7267
552 1778 561 1794 ·
650 1713 802 1759 suusnmr
830 1713 864 1756 u.
896 1712 1042 1759 ruimus.
1319 1700 1364 1765 15

323 1842 428 1936 petit,
457 1838 621 1935 inclytum
644 1838 840 1928 oracudum3
871 1818 1038 1935 templum
1062 1843 1155 1913 Jovis
1177 1844 1370 1940 Trophonii

322 1965 411 2056 adit3
438 1990 458 2035 a
488 1962 648 2035 Chalcide
677 1960 832 2034 Aulidem
865 1964 1008 2059 treJicit,
1034 1976 1172 2061 portum
1195 1969 1362 2067 inclytum

322 2091 467 2162 statione
481 2087 657 2185 quondam
671 2088 765 2161 mille
778 2091 919 2161 navium
931 2093 1209 2186 Agamemnoniae
1223 2094 1360 2188 classis3

322 2216 443 2288 Dianae
471 2213 662 2309 templum,
695 2215 750 2285 cui
781 2213 889 2285 filiam
916 2213 1067 2288 admovit
1093 2218 1271 2290 victimam
1302 2242 1364 2292 rex

320 2360 462 2435 regum3
490 2336 658 2431 templum
680 2335 898 2432 Amphilochi
921 2347 1119 2423 vetustum,
1143 2338 1296 2413 fontibus
1321 2342 1360 2411 ri-

320 2462 440 2557 visque
456 2440 549 2533 circa
567 2483 762 2550 amoenum,
784 2462 883 2555 petit.
910 2492 922 2523 o
946 2461 1097 2533 Athenas
1121 2461 1222 2553 inde,
1243 2463 1363 2560 plenas

322 2583 460 2681 quidem
478 2598 511 2656 et
527 2588 621 2681 ipsas
637 2594 807 2657 vetustate
827 2584 943 2674 samec,
966 2583 1075 2655 multe
1091 2598 1205 2658 temen
1222 2588 1363 2662 visenda

321 2710 507 2784 hahentes:
527 2733 656 2801 arcem,
674 2722 807 2806 portus,
824 2731 942 2780 muros
954 2709 1122 2781 Piraeeum
1133 2709 1211 2783 urhi
1220 2717 1364 2811 Jung'en·
1387 2708 1389 2713 ’

321 2849 390 2927 tes,
411 2834 560 2921 navalia,
581 2856 784 2930 magnorum
803 2833 1052 2927 imperatorum
1076 2834 1260 2908 simulacre
1282 2836 1363 2910 deo·

321 2981 399 3030 rum
428 2957 674 3052 hominumque
699 2957 793 3026 omni
816 2977 939 3051 genere
959 2968 993 3026 et
1009 2958 1163 3028 meteriae
1183 2971 1218 3029 et
1236 2960 1362 3031 artium

320 3084 479 3180 insignia.
503 3114 515 3145 s
539 3082 704 3153 Confecto
719 3081 852 3171 itincre,
872 3104 942 3153 non
956 3080 1067 3154 solum
1086 3083 1290 3180 magnificus
1304 3084 1363 3157 sed
1469 3078 1473 3086 ⁸

319 3208 481 3306 prudens,
510 3220 599 3280 teste
619 3209 713 3279 Livio
735 3210 799 3299 (1),
821 3209 990 3280 visus-est
1010 3210 1047 3279 in
1070 3208 1212 3282 edendis
1231 3224 1362 3307 specto·

320 3334 408 3408 culis
431 3334 474 3405 ud
495 3358 571 3430 qum
594 3346 667 3405 tum
689 3332 791 3405 rudes
811 3335 961 3404 Romani
979 3349 1089 3406 eruut.
1114 3338 1192 3408 Fuit
1210 3336 1362 3434 eJusdem

318 3459 529 3557 prudentiae,
552 3458 644 3556 quod
666 3458 810 3531 verbum
828 3458 918 3531 idem
946 3471 1045 3531 sonet
1075 3472 1176 3557 atque
1201 3464 1359 3555 scientia,
1453 3517 1457 3523 -

319 3596 452 3658 statues
471 3583 675 3679 tabulasque
696 3580 851 3679 predam
869 3581 1142 3677 Macedonicam,
1165 3608 1270 3681 quem
1290 3587 1364 3683 pul·

320 3710 413 3783 chrae
431 3723 545 3782 essent
562 3707 763 3806 intelligere,
784 3706 931 3803 ideoque
954 3707 1039 3780 velle
1057 3730 1100 3780 ex
1119 3709 1174 3780 his
1194 3712 1362 3806 paucissi-

318 3858 394 3906 mas
412 3834 563 3906 militum
577 3856 727 3905 suorum
742 3834 778 3904 in
801 3854 923 3904 manus
940 3832 1073 3905 cedere.
1103 3834 1188 3920 Qum
1209 3859 1290 3908 cum
1314 3837 1362 3907 ite

320 3960 406 4049 sint,
434 3981 502 4030 non
531 3969 646 4029 tamen
670 3966 851 4053 propterea
874 3954 959 4028 illud
988 3955 1030 4027 de
1058 3957 1164 4029 Paulo
1189 3958 1361 4032 affirmare

317 4078 485 4152 voluerim
500 4077 592 4176 quod
605 4090 721 4151 narret
732 4076 938 4150 Plutarchus
954 4107 962 4147 :
979 4099 1103 4175 nempe
1115 4078 1212 4152 illum
1227 4077 1360 4153 dedisse

318 4228 458 4302 operam
481 4215 519 4275 ut
536 4201 636 4274 liberi
654 4202 825 4299 picturam
843 4226 865 4273 a
881 4216 1090 4299 praeceptore
1108 4203 1356 4281 edocerentur:

317 4329 439 4400 Verius
466 4325 828 4398 fortasse-Plinianum
854 4308 970 4397 illud:
999 4329 1114 4401 «Cum
1142 4331 1181 4400 L.
1211 4331 1357 4423 Pardus,

318 4452 452 4526 deuicto
467 4456 605 4541 Perseo,
622 4454 764 4549 petisset
778 4454 823 4527 ab
838 4455 1105 4529 Atheniensibus
1124 4468 1163 4528 ut
1176 4456 1241 4530 sibi
1255 4478 1370 4553 quesn

316 4579 600 4677 probatissimum
618 4579 864 4676 philosophum
887 4581 1064 4653 mitterent
1089 4580 1134 4653 ad
1158 4580 1359 4654 erudiendos

283 4777 285 4780 .
316 4702 464 4796 liberos,
494 4707 647 4800 itemque
677 4704 844 4799 pictorem
878 4702 922 4775 ad
954 4705 1165 4800 triumphum
1200 4705 1370 4778 excolens

317 4825 446 4912 dum„
476 4830 570 4924 (2).»
599 4832 675 4901 Hoc
691 4830 783 4901 enim
800 4852 881 4902 vere
902 4832 1097 4901 Romanum
1118 4806 1187 4920 est,
1208 4828 1293 4902 velle
1308 4844 1359 4903 uti

317 4952 454 5047 picture
468 4962 603 5023 tautum
627 4950 671 5022 ad
687 4951 853 5047 triumphi
869 4952 1148 5057 ostentationem,
1167 4955 1232 5025 etsi
1251 4956 1362 5051 suspi-

357 5341 397 5452 (ι’)
418 5334 569 5449 xixus.
729 5449 732 5455 ⁴

358 5473 396 5548 c)
418 5472 507 5547 run,
525 5472 643 5546 xxxv,
668 5472 717 5531 m
742 5474 749 5489 ·
