3534 7267
684 1762 835 1820 saussmr
862 1771 896 1819 n.
927 1773 1071 1819 rosetus.
1350 1745 1392 1814 dl

353 2061 355 2065 ’
410 2030 495 2099 Vll.
511 2028 743 2097 -Errsroua
766 2048 805 2095 an
827 2028 990 2113 Arrroou,
1014 2037 1053 2093 to
1075 2026 1154 2093 Fla.
1177 2023 1324 2092 Gutture.
1394 2044 1397 2075 ·-

401 2266 588 2361 Quomodo
617 2293 699 2341 vero
725 2269 847 2340 huioea
876 2267 1027 2340 helluoni
1063 2268 1242 2365 signorum
1261 2266 1401 2339 tabula-

288 2483 294 2497 Ι
359 2418 506 2493 rumque
523 2386 651 2468 bellum
669 2410 739 2466 non
765 2391 948 2465 indixisset
965 2393 1105 2483 Noster,
1124 2398 1222 2488 eujus
1239 2391 1402 2488 epistolas

358 2522 540 2612 hahemus,
556 2517 604 2596 iad
618 2509 773 2591 Atticum
787 2518 948 2613 scriptas,
969 2514 1095 2612 quibus
1114 2515 1158 2590 ab
1177 2485 1289 2588 amieo
1309 2513 1405 2587 sillae

358 2637 447 2744 glut
468 2654 508 2717 ut
526 2644 624 2741 signa
643 2642 674 2712 oi
689 2639 946 2737 quamplurima
963 2639 1106 2711 mittat?
1132 2640 1269 2738 eSigna
1289 2641 1403 2738 Mega-

233 2811 237 2816 ·
358 2772 489 2842 rioa'et
504 2758 644 2841 hermas
661 2765 844 2864 dequibus
863 2764 907 2837 ad
922 2779 979 2838 me
997 2766 1165 2861 scripsisti
1180 2760 1406 2840 vehomenter

361 2903 538 2991 axspeoto.
556 2923 571 2957 ι
591 2883 645 2965 Ne
660 2913 742 2963 vero
760 2889 848 2982 hae,
865 2900 905 2961 ut
921 2888 1013 2962 villae
1028 2903 1248 2982 ornamento,
1263 2902 1405 2964 :tantum

361 3017 535 3113 requirere
569 3014 817 3087 existimetur:
849 3044 862 3077 ι
886 3008 1062 3111 Quidquid
1075 3013 1243 3111 ejusdem
1262 3016 1407 3113 ¹generis

361 3132 525 3231 habebis,⁴
549 3137 693 3237 dignum
722 3135 911 3210 Academia
943 3138 1007 3211 tibi
1032 3137 1125 3235 quod
1150 3138 1344 3226 videbitum
1364 3164 1406 3212 ne

360 3262 529 3338 dubitaris
548 3257 685 3335 mittere
704 3274 738 3334 et
754 3285 844 3333 aroae
862 3272 991 3333 nostrae
1003 3261 1182 3335 confidito.
1203 3265 1320 3336 Genus
1341 3264 1407 3335 hoe

361 3400 416 3461 ost
432 3387 619 3483 voluptatis
636 3409 724 3458 mear
742 3415 751 3456 ε
770 3409 847 3482 quae
860 3383 1058 3483 γυμνασιώδη
1084 3387 1236 3459 maxime
1255 3400 1348 3480 sunt,
1369 3410 1409 3460 ea

361 3534 479 3612 quaro
494 3504 581 3608 (lla
597 3514 676 3587 Non
690 3530 732 3584 ea
747 3501 784 3582 se
797 3511 883 3583 velle
899 3510 1010 3583 solum
1022 3513 1084 3602 ait,
1100 3511 1160 3583 sed
1173 3514 1325 3585 maxime
1342 3512 1406 3608 (ῆς

362 3661 426 3713 neo
448 3637 593 3728 mirum3
613 3637 803 3714 nonenim
821 3635 967 3728 Tullius,
993 3658 1098 3733 quem
1122 3649 1223 3709 antea
1241 3637 1409 3735 eognovi-

362 3781 442 3837 mus
453 3755 553 3835 -adeo
573 3763 715 3837 anxium
731 3774 765 3834 et
783 3761 970 3834 sollicitum
989 3762 1097 3835 luisse
1115 3786 1172 3856 ue,
1188 3774 1228 3835 ut
1244 3763 1343 3835 multi
1355 3765 1410 3835 ‘oi

295 3969 298 3979 ,
361 3883 681 3984 vitatis'priuoipes,'
690 3884 737 3958 ob
751 3886 894 3958 nimiam
904 3888 1051 3959 istarum
1065 3888 1406 3985 rerumoupidiuem,

363 4008 514 4085 luxuria
531 4012 567 4083 in
586 4010 823 4107 suspicionem
841 4006 992 4103 veniret,
1016 4022 1127 4109 usque
1150 4028 1191 4085 eo
1210 4014 1276 4085 sui
1295 4014 1411 4087 existi-1

363 4138 554 4211 mationem
581 4124 734 4234 neglexit
748 4124 788 4208 'ul
808 4135 930 4208 eadem
950 4139 1218 4234 quoquo‘pretio
1242 4157 1358 4213 emero
1376 4152 1410 4213 et

363 4264 399 4334 in
412 4261 608 4335 ··srris'v‘illis
630 4260 763 4333 'habere
785 4263 942 4357 exposita
967 4261 1086 4347 vellet,
1109 4272 1195 4358 ·quae
1217 4285 1291 4334 esse
1320 4250 1410 4359 apud

364 4383 451 4458 alios
462 4383 557 4457 haud
566 4407 665 4481 aequo
674 4385 790 4456 animo
801 4407 927 4481 passus
939 4399 1024 4457 erat.
1036 4386 1117 4459 Vult
1130 4387 1270 4484 quidem
1285 4420 1298 4453 ι
1312 4391 1410 4486 sigua

365 4508 409 4581 ad
433 4529 472 4581 se·
491 4510 673 4581 mittantur
685 4540 718 4599 s,
737 4507 797 4581 sed
813 4511 963 4581 maxime
988 4533 1065 4607 quae
1092 4524 1174 4609 apta
1200 4513 1268 4584 'sint
1287 4512 1411 4586 biblio-

364 4634 491 4725 thecae,
510 4632 701 4729 studiisque
719 4634 791 4705 suis
810 4645 1021 4730 congruant3
1045 4636 1094 4705 ita
1112 4636 1217 4721 enim,
1239 4647 1337 4731 putat
1355 4659 1410 4707 res

366 4753 466 4833 istius
484 4758 597 4851 modi,
623 4783 693 4830 non
714 4771 855 4854 propter
872 4760 966 4854 ipsas
987 4760 1100 4831 visum
1122 4761 1164 4830 iri
1183 4784 1204 4831 a
1228 4784 1265 4832 se
1284 4762 1413 4857 expeti

366 4861 442 4977 tas„
459 4881 520 4954 sed
542 4892 684 4978 propter
712 4881 845 4953 litteras
867 4882 1075 4978 quibuscum
1096 4882 1283 4977 quamdam
1305 4882 1411 4956 veluti

409 5139 448 5220 u)
470 5139 638 5213 nontin„
650 5138 675 5214 1,
686 5141 717 5200 a.

409 5238 453 5316 (ἓ)
473 5236 524 5297 Ad
535 5235 685 5311 terrast,
698 5237 737 5296 l0
750 5252 758 5297 ε
776 5257 791 5293 o
803 5233 895 5315 Signa
907 5240 1009 5297 nostra
1022 5239 1052 5297 et
1066 5235 1276 5317 hermeraelas,
1291 5248 1324 5301 ut
1339 5244 1411 5304 scri-

369 5334 429 5408 bis,
442 5330 800 5419 quumoommodissime
818 5331 944 5413 poteris,
959 5327 1053 5395 velim
1074 5334 1221 5415 imponas,
1236 5342 1267 5397 et
1284 5337 1309 5399 si
1331 5340 1413 5419 quod

368 5430 452 5495 aliud
467 5434 561 5492 οἰκεῖον
576 5430 641 5509 ejus
653 5431 724 5505 loci,
744 5448 836 5510 quem
850 5447 913 5492 non
928 5430 1058 5510 ignoras,
1075 5431 1217 5511 reperies,
1235 5439 1266 5495 et
1284 5436 1414 5500 maxime

369 5550 439 5612 quae
451 5530 504 5593 tibi
518 5530 676 5611 palestre,
689 5528 899 5609 gymnasiique
909 5526 1090 5590 videbuntur
1106 5546 1183 5591 esse.
1228 5519 1231 5528 ⁸
1299 5529 1301 5532 ’

1205 5636 1240 5699 d.
