3534 7267
697 1620 849 1667 sensnum
877 1623 911 1666 u.
943 1623 1092 1669 noturus,
1131 1611 1139 1625 '
1368 1607 1413 1674 37

371 1766 442 1814 uon
457 1742 564 1814 semel
577 1745 726 1840 inspexit
742 1748 810 1839 (1);
827 1769 891 1818 nec
904 1748 1080 1844 Agrigenti
1101 1749 1264 1843 preteriit
1278 1750 1412 1845 signum

371 1864 546 1960 quoddam
564 1867 744 1963 Apollinis,
764 1873 847 1966 quin
862 1872 899 1942 in
915 1871 1016 1968 hujus
1034 1871 1160 1943 lemine
1173 1872 1333 1945 litterulis
1347 1874 1412 1944 mi·
1481 1945 1483 1949 ,

370 1988 464 2059 nutis
481 1985 653 2086 argenteis
668 2014 794 2063 nomen
808 1990 959 2091 Myronis
977 1995 1183 2091 inscriptum
1198 1996 1327 2093 legeret
1345 1999 1356 2091 (
1383 2000 1409 2091 ).

418 2111 510 2184 Num
535 2134 618 2185 vero
638 2114 704 2187 luit
723 2117 781 2212 qui
801 2116 954 2190 nonsibi
973 2119 1158 2211 intellecta,
1175 2130 1247 2192 tam
1270 2120 1413 2219 diligen·

369 2243 423 2304 ter
445 2243 585 2331 tamque
613 2236 761 2311 libenter
780 2251 951 2336 spectaret
970 2265 1092 2338 opera,
1114 2254 1174 2313 aut
1197 2244 1254 2339 qui
1275 2242 1409 2331 eadem,

370 2359 472 2430 toties
498 2371 621 2432 ettam
647 2373 778 2435 attento
798 2365 915 2436 animo
934 2375 1101 2462 spectata,
1121 2389 1191 2437 non
1207 2364 1346 2438 demum
1364 2368 1413 2439 in·
1462 2460 1465 2464 .

368 2481 596 2580 telligeret‘l«
624 2485 789 2559 Adhibita
807 2471 889 2560 vero
915 2491 1160 2563 exercitatione
1188 2502 1224 2563 et
1251 2502 1342 2581 arte,
1374 2503 1412 2562 ut

367 2604 457 2677 oculi
478 2606 614 2701 pictura
631 2620 827 2703 teneantur,
844 2613 922 2708 quis
940 2626 1004 2701 est,
1024 2616 1106 2710 quin
1127 2625 1257 2700 cernat,
1282 2629 1411 2712 quanta

365 2731 425 2812 uis¹
447 2732 493 2804 sit
523 2732 558 2803 in
586 2734 771 2808 sensibus?
795 2740 907 2826 Quam
936 2739 1047 2811 multa
1064 2740 1180 2812 vident
1201 2742 1351 2838 pictores
1374 2742 1409 2812 in

366 2852 499 2927 umbris
523 2867 558 2927 ct
586 2860 791 2951 eminentia,
820 2885 900 2957 quae
929 2886 992 2933 nos
1020 2886 1090 2933 non
1112 2861 1270 2950 videmus
1295 2865 1404 2957 (3llo

367 2982 463 3069 Quae,
482 2982 546 3053 etsi
561 2980 603 3053 de
622 2983 699 3079 ipsa
713 2986 840 3057 artium
856 2986 1101 3058 exercitatione
1115 2984 1206 3058 dicta
1220 2996 1313 3077 sunt,
1331 3010 1424 3082 pro-¹

366 3103 457 3177 lecto
485 3104 529 3177 ad
558 3108 842 3181 consuetudinem
865 3108 986 3181 eadem
1014 3108 1147 3191 visendi
1166 3108 1328 3182 'nonnihil
1350 3133 1409 3181 va-

364 3232 445 3304 lent.
471 3232 544 3307 Nee
576 3231 720 3306 dubium
739 3246 792 3306 est
810 3236 895 3332 quin
920 3259 1000 3307 suos
1027 3235 1146 3306 oculos
1172 3236 1220 3306 ita
1246 3233 1409 3306 erudierit

304 3432 309 3439 .
364 3362 502 3449 Noster,
516 3360 589 3455 qui,
607 3384 686 3432 cum
705 3385 827 3433 sensus
842 3361 1030 3435 bestiarum
1053 3362 1214 3433 humanis
1228 3384 1310 3432 cum
1330 3382 1407 3430 sen-

364 3481 460 3555 sibus
489 3494 685 3579 comparat,
718 3485 834 3556 statim
862 3484 1104 3557 animadvertit
1131 3485 1269 3576 oeulos‚
1301 3486 1337 3555 in
1365 3484 1407 3554 iis

364 3607 510 3700 artibus,
544 3632 693 3705 quarum
716 3607 886 3706 judicium
919 3621 971 3680 est
999 3608 1194 3699 oculorum,
1223 3610 1259 3679 iu
1289 3607 1402 3703 pictis,

365 3735 456 3808 fictis
491 3736 688 3832 caelatisque
722 3734 867 3823 lormis,
908 3735 1016 3807 multa
1043 3757 1183 3807 cernere
1210 3731 1371 3805 subtilius
1396 3711 1433 3801 ε’

370 3891 384 3923 ι
411 3858 571 3931 Colonum
591 3859 708 3949 etiam,
737 3858 860 3954 inquit,
883 3869 917 3929 et
935 3858 1123 3956 figurarum
1146 3866 1220 3927 tum
1246 3865 1407 3926 venusta-

362 3996 432 4055 tem
451 3980 738 4079 atque‘ordinem,
762 3994 808 4073 et,
826 3993 865 4054 ut
880 3983 929 4053 ita
944 3980 1070 4073 dicam,
1088 3980 1296 4071 decentiam,
1316 3976 1405 4051 oculi

357 4084 527 4203 judicant,
551 4118 654 4204 atque
673 4106 777 4177 etiam
799 4105 866 4177 alia
882 4112 1013 4204 majora
1037 4105 1101 4201 (4).
1131 4136 1143 4169 o
1166 4106 1326 4201 Agnosco
1346 4103 1406 4174 ho-

361 4234 490 4306 minem
512 4234 583 4330 qui,
599 4232 723 4304 harum
742 4255 858 4304 rerum
876 4232 1105 4329 peritissimus
1119 4230 1242 4329 judex,
1264 4235 1405 4328 Verrem

360 4362 408 4431 ita
430 4360 587 4454 increpat
608 4386 614 4427 :
646 4389 658 4419 o
681 4351 732 4428 Tu
754 4355 913 4428 videlicet
931 4356 1024 4429 solus
1040 4358 1133 4429 vasis
1150 4358 1331 4428 corinthiis
1350 4355 1407 4428 de-

401 4696 443 4775 (t)
466 4695 584 4769 1V,5r.
1156 4746 1158 4749 Α

400 4793 440 4873 (2)
462 4792 512 4869 tv,
531 4793 570 4854 43
585 4796 616 4852 et
633 4795 684 4853 60.
705 4790 779 4851 Vide
795 4791 980 4854 mentionem
1003 4790 1040 4851 de
1061 4790 1152 4869 signis
1176 4797 1267 4869 atque
1292 4788 1404 4851 tabulis

359 4908 428 4969 quae
440 4890 521 4970 apud
533 4907 671 4970 quosque
688 4887 811 4950 visenda
826 4895 969 4951 sunttota
982 4888 1051 4950 Asia
1065 4898 1095 4948 et
1107 4887 1231 4949 Graecia.
1251 4921 1289 4932 -
1301 4877 1402 4962 Orat,

359 4989 465 5060 XXXI,
490 4990 572 5049 tto:
596 4986 840 5047 «Demosthenis
860 4986 995 5066 quidem,
1018 4986 1106 5064 cujus
1119 5003 1218 5065 nuper
1237 4983 1315 5046 inter
1331 4983 1406 5043 ima·

358 5085 443 5165 gines
457 5092 537 5161 tuas,
551 5104 587 5146 ac
603 5093 726 5146 tuorum
744 5084 836 5164 (quod
857 5102 940 5162 eum,
960 5084 1063 5161 credo,
1076 5082 1219 5163 amares),
1235 5083 1357 5145 eumad
1374 5090 1403 5142 te

358 5184 390 5247 iu
398 5186 602 5247 Tusculanum
623 5183 784 5259 venissem,
800 5182 964 5261 imaginem
980 5200 1016 5244 ex
1032 5201 1091 5244 rere
1101 5182 1172 5243 vidi.
1190 5206 1204 5241 o

401 5286 443 5360 (3)
463 5283 619 5351 Aeaeam„
632 5281 683 5342 lib.
701 5284 738 5357 ll,
753 5286 784 5340 7.
901 5294 903 5300 '

400 5382 439 5454 tl)
465 5383 507 5440 Dc
523 5383 592 5440 Nat.
604 5380 698 5449 deor,
712 5379 763 5439 lib.
781 5380 816 5452 ll,
832 5380 881 5437 58.
