3534 7267
370 1760 415 1829 36
539 1734 546 1765 ⁴
755 1781 829 1835 cuin
856 1782 895 1826 oe
924 1782 1026 1828 sionis

367 1929 572 2005 magnorum
594 1906 763 1996 virorum,
783 1904 995 2001 voluptatem
1023 1887 1124 2001 atque
1147 1904 1409 1977 admirationem

367 2032 484 2103 animo
504 2041 663 2124 movent3
681 2027 773 2125 quod
791 2031 820 2100 si
838 2029 979 2125 puerilis
999 2027 1157 2125 voluptas
1178 2029 1237 2101 illa'
1255 2038 1317 2117 est,
1334 2054 1410 2126 pro-

367 2156 457 2227 lecto
484 2153 698 2250 repuerascit
726 2155 775 2223 M.
800 2153 948 2243 Tullius,
978 2154 1055 2249 qui,
1080 2154 1116 2223 in
1137 2153 1289 2224 sacrario
1309 2154 1405 2237 Reii,

366 2288 528 2376 quattuor
553 2278 661 2375 signis
686 2276 929 2373 pulcherrimis
954 2301 991 2349 se
1019 2302 1120 2374 posse
1146 2275 1310 2350 delectari
1340 2303 1408 2349 non

365 2418 469 2502 negat
488 2404 558 2494 (1];
575 2405 702 2501 quique
720 2405 756 2474 in
769 2403 899 2490 Sicilia,
916 2414 1000 2475 cum
1013 2415 1141 2500 praetor
1157 2416 1261 2493 essct,
1275 2405 1405 2494 omnia,

318 2587 320 2591 .
364 2551 443 2624 quae
456 2526 595 2623 quidem
607 2527 753 2622 pulchra
764 2538 891 2620 essent,
908 2528 974 2600 sibi
990 2528 1034 2600 ab
1048 2528 1167 2602 incelis
1180 2528 1408 2602 demonstrari

365 2650 522 2742 libenter,
544 2641 677 2748 opiner,
700 2651 909 2747 patiebatur.

413 2780 488 2850 Hoc
512 2778 683 2873 imprimis
704 2775 789 2847 vidit
816 2789 850 2848 et
875 2776 974 2849 valde
997 2775 1187 2849 admiratus
1206 2789 1259 2847 est
1287 2778 1408 2848 Diana

342 2903 588 2992 ‚simulacrum
608 2902 679 2996 (2),
706 2908 802 2999 quus
831 2901 920 2998 apud
942 2925 1023 2973 eum
1046 2912 1159 2973 exstat
1175 2911 1246 2971 tam
1269 2900 1414 3000 elegans*

362 3042 501 3124 tamque
522 3038 668 3099 venusta
682 3025 866 3123 descriptio
885 3054 892 3096 :
914 3028 1027 3098 «Erat
1042 3024 1230 3110 admodum
1252 3026 1406 3123 amplum

362 3166 396 3224 et
413 3149 587 3224 excelsum
613 3151 750 3248 signnm
769 3174 849 3222 cum
863 3149 954 3222 stola
968 3179 975 3221 :
991 3162 1229 3224 verumtamen
1246 3152 1357 3223 inerat
1371 3154 1406 3224 in

360 3277 419 3349 illa
439 3274 672 3373 magnitudine
686 3286 768 3347 aetas
782 3286 883 3371 atque
898 3274 1037 3347 habitus
1050 3276 1227 3373 virginalis
1246 3304 1253 3347 :
1271 3277 1406 3373 sagitta

361 3397 553 3495 pendebant
564 3398 609 3471 ab
621 3398 767 3472 humero
781 3428 788 3470 :
803 3402 943 3473 sinistra
956 3424 1063 3473 manu
1077 3401 1249 3474 retinebat
1261 3427 1380 3476 arcum
1394 3432 1401 3475 :

360 3524 481 3596 dextra
496 3522 675 3596 ardentem
691 3507 803 3596 lacem
816 3525 1026 3621 praeferebat
1041 3525 1109 3623 (3).
1127 3558 1140 3591 a

408 3649 487 3720 Pari
507 3647 695 3719 subtilitate
713 3670 753 3718 ac
771 3649 941 3720 memoria
964 3648 1092 3721 eadem
1108 3648 1271 3722 describit
1299 3652 1406 3723 Stesi-

360 3771 456 3861 chori
466 3781 616 3842 statuam
631 3802 644 3835 e
661 3770 818 3862 senilem,
834 3771 1026 3864 incurvam,
1040 3796 1121 3844 oum
1132 3771 1235 3864 libro,
1251 3782 1402 3865 summo,

360 3909 398 3969 ut
417 3906 552 3991 putant,
575 3895 719 3972 artificio
738 3894 870 3967 laetam
894 3896 957 3990 (4).
981 3927 994 3961 a
1019 3899 1085 3969 Vix
1103 3908 1139 3969 se
1157 3897 1309 3969 continet
1323 3899 1405 3994 quin

359 4020 475 4091 nimiis
484 4017 643 4091 laudibus
653 4018 778 4091 efferat
790 4020 950 4094 Herculis
961 4044 1005 4093 ex
1017 4044 1084 4093 aere
1100 4022 1323 4094 simulacrum
1336 4022 1401 4115 (5).
1513 4055 1515 4060 ·

365 4176 378 4208 a
398 4147 472 4232 Quo
482 4142 661 4215 nonlacile
672 4142 797 4215 dixerit
813 4144 1001 4239 quicquam
1013 4167 1050 4216 se
1065 4142 1191 4215 vidisse
1209 4143 1402 4239 pulchrius,

359 4268 498 4339 tametsi
528 4290 596 4337 non
627 4278 698 4338 tam
737 4266 886 4340 multum
912 4268 948 4338 in
978 4269 1052 4340 istis
1079 4265 1183 4340 rebus
1213 4267 1400 4366 intelligat,

359 4416 465 4490 quam
485 4391 593 4465 multa
607 4392 745 4466 viderit.
769 4426 782 4458 t
808 4393 901 4465 Vidit
915 4407 1031 4467 autem
1049 4394 1212 4491 idemque
1234 4394 1401 4487 studiose,

359 4529 398 4591 ut
412 4517 554 4615 cpinor,
577 4517 828 4615 contemplatus
849 4530 902 4590 est
920 4530 1052 4589 statuas
1071 4541 1204 4609 omnes,
1227 4541 1404 4613 quaecum·

328 4664 331 4669 ·
358 4666 426 4740 quc
440 4653 550 4714 'erant
581 4642 745 4740 singulari
772 4665 876 4738 opere
907 4642 1122 4738 artificioque
1148 4641 1339 4738 perlectae,
1373 4642 1404 4712 is

358 4768 431 4863 qui,
452 4768 487 4838 in
502 4765 573 4839 aede
596 4764 748 4859 Liberae,
769 4765 824 4838 vel
843 4789 990 4862 parvum
1007 4775 1110 4861 caput
1128 4757 1402 4862 pulcherrimum

397 5050 790 5129 Ummfflfflm.

398 5133 1402 5231 fflmffissmmmmfflmmmmm

356 5247 447 5310 etiam
460 5245 598 5308 hostibus
611 5244 719 5326 digna,
734 5264 827 5328 quam
840 5247 1026 5310 sanctissime
1038 5248 1188 5325 colerent,
1201 5245 1368 5308 videbatur.
1382 5243 1399 5304 'n

397 5344 653 5426 &mmm
921 5352 927 5363 ·

399 5442 645 5520 mmm&

399 5539 651 5619 mmm&
