3534 7267
366 1664 411 1730 70
753 1683 832 1739 erro
860 1683 900 1730 on
926 1682 1024 1731 sienis
1065 1696 1068 1702 ·

293 1793 295 1797 ’
363 1813 425 1883 cile
456 1810 580 1885 dixerit
613 1812 799 1908 quicquam
837 1835 874 1884 se
904 1810 1030 1884 uidisse
1063 1810 1254 1907 pulchrius.
1285 1811 1406 1883 Refert

362 1938 466 2008 etiam
479 1940 645 2009 Venerem
655 1960 886 2009 marmoream
902 1939 915 2032 (
923 1938 966 2031 l),
981 1932 1134 2033 ejusdem
1147 1935 1289 2007 artificis
1301 1959 1402 2032 opus,

349 2085 469 2158 ,quam
487 2059 614 2154 Cnidii,
638 2061 693 2133 vel
712 2084 839 2159 magno
852 2061 976 2157 pretio,
998 2058 1177 2136 Nicomedi
1196 2058 1332 2131 tradere
1347 2083 1406 2131 no·

363 2186 509 2258 luerunt.
530 2184 706 2260 Nonnulla
724 2184 791 2258 alia
804 2185 1003 2282 perstringit
1021 2206 1118 2281 aeque
1133 2206 1347 2275 marmorea,
1366 2194 1406 2254 ut

362 2309 524 2380 lacchum
549 2318 583 2380 et
607 2308 833 2404 Cupidinem,
857 2318 998 2404 propter
1016 2330 1120 2403 quem
1145 2305 1301 2404 Thespiae
1319 2308 1407 2379 vise-

362 2434 501 2524 bantur;
523 2431 584 2504 sed
597 2433 707 2505 multo
715 2426 906 2505 ‘studiosius
922 2430 1087 2503 describit
1101 2429 1168 2503 duo
1183 2432 1280 2528 signa
1290 2455 1401 2523 anea,

368 2590 379 2621 a
404 2581 474 2628 non
488 2559 655 2650 maxima,
673 2579 795 2629 verum
813 2556 939 2628 exinda
951 2565 1172 2662 venustate...
1196 2556 1406 2651 Canephorae

362 2683 447 2777 ipsae
477 2682 690 2755 vocabantur
703 2682 808 2776 (2).»
842 2683 916 2755 Nec
944 2682 1016 2753 sine
1045 2678 1196 2777 quadam
1220 2682 1405 2751 marmoris

361 2808 599 2903 aspernatione
626 2807 719 2879 Chiis
737 2830 855 2878 muros
882 2828 1094 2877 marmoreos
1120 2802 1401 2876 ostentantibus:

367 2930 529 3021 «Multo,
551 2932 681 3027 inquit,
711 2931 823 3028 magis
848 2931 1011 3022 mirarer,
1033 2931 1063 3001 si
1087 2927 1268 3002 Tiburtino
1294 2928 1406 3024 lapide

363 3054 530 3125 fecissetis
552 3054 618 3149 (3).
636 3084 649 3118 ι

412 3178 449 3248 Si
468 3178 545 3273 quis
563 3187 678 3251 autem
705 3176 839 3250 dubitet
864 3200 909 3248 an
928 3177 1110 3249 materiam
1132 3180 1258 3252 Noster
1278 3178 1314 3248 in
1333 3175 1406 3248 lau-

361 3299 484 3373 dandis
512 3303 619 3400 signis
640 3304 845 3399 respexerit,
875 3313 936 3374 aut
957 3300 993 3373 id
1018 3302 1209 3397 respexisse
1233 3302 1405 3372 insulsum

360 3450 437 3498 esse
452 3427 639 3519 existimet,
654 3427 770 3499 videat
789 3450 832 3498 ne
846 3428 982 3498 animos
1000 3438 1157 3498 veterum
1175 3428 1211 3497 in
1230 3449 1267 3497 so
1283 3449 1404 3497 omnes

362 3554 521 3624 concitet.
550 3555 640 3626 Nam
675 3550 923 3642 Quintilianus,
955 3554 1013 3647 qui
1041 3551 1165 3621 harum
1192 3551 1310 3621 rerum
1335 3574 1405 3621 non

360 3677 539 3770 imperitus
566 3676 674 3748 fuisse
700 3677 773 3747 suis
787 3677 897 3771 ipsius
921 3675 1036 3747 verbis
1063 3698 1133 3746 non
1159 3674 1267 3746 semel
1289 3674 1405 3770 prodi-

359 3810 417 3871 tur
436 3801 509 3895 (4),
546 3800 622 3870 haec
645 3798 796 3871 scribere
829 3798 991 3870 sustinuit
1007 3798 1060 3895 (5)
1082 3828 1089 3867 :
1125 3800 1205 3870 «Et
1235 3800 1263 3870 si
1286 3800 1416 3872 Praxi,

359 3923 447 3995 teles
474 3924 611 4020 signum
637 3920 780 4018 aliquod
800 3945 843 3995 ex
861 3921 983 3994 molari
1009 3921 1121 4016 lapide
1149 3934 1292 3994 conatus
1313 3935 1405 3995 esset

360 4049 573 4144 exsculpere,
596 4034 737 4121 Parium
758 4071 911 4119 marmor
931 4045 1071 4118 mallem
1087 4046 1185 4118 rude.
1205 4050 1250 4119 At
1266 4050 1295 4118 si
1318 4046 1404 4119 illud

358 4171 451 4244 idem
469 4172 594 4243 artifex
615 4170 815 4268 expolisset‚
836 4169 916 4267 plus
933 4172 969 4241 in
983 4170 1142 4242 manibus
1156 4161 1280 4243 fuisset
1297 4196 1403 4267 quam
1478 4166 1479 4169 '

359 4298 396 4367 in
417 4318 635 4367 marmore...
663 4294 749 4366 nihil
769 4318 826 4366 ars
845 4295 918 4365 sine
941 4296 1104 4385 materia,
1126 4297 1404 4374 materiaeetiam

358 4421 434 4491 sine
453 4429 524 4491 arte
542 4422 693 4517 pretium
719 4430 772 4492 est
796 4418 862 4515 (6).
890 4450 902 4483 υ
931 4417 1030 4506 Quod
1044 4430 1137 4492 recte
1162 4420 1207 4493 ab
1232 4422 1403 4495 coluisse

400 4660 441 4736 (Ι)
462 4659 501 4719 Io
521 4660 616 4735 Verr„
636 4660 687 4735 IV,
704 4659 754 4719 60.

401 4760 441 4833 (Ι)
464 4759 550 4818 «Les
562 4755 747 4836 canephoros
761 4755 798 4816 de
813 4756 843 4816 la
861 4755 932 4817 villa
946 4755 1051 4819 Albani
1071 4757 1245 4839 pourraient
1257 4754 1327 4817 bien
1340 4757 1403 4818 etro

361 4852 415 4915 des
428 4853 529 4934 copies
543 4853 581 4915 de
599 4855 690 4915 celles
709 4853 747 4915 de
768 4852 941 4933 Polyclete3
962 4854 1034 4916 elles
1053 4872 1091 4916 ne
1113 4851 1242 4915 seraient
1258 4871 1312 4933 pas
1327 4853 1404 4916 indi-

360 4969 434 5031 gnes
448 4951 485 5013 de
497 4953 526 5012 la
538 4951 708 5031 reputation
721 4949 761 5012 de
774 4968 809 5012 ce
820 4950 916 5029 grand
932 4951 1084 5013 statuaire.
1099 4972 1114 5009 >s
1130 4950 1235 5026 Millin,
1254 4954 1334 5011 Dect.
1350 4951 1403 5011 des

361 5049 547 5124 beosa-arta,
564 5055 638 5110 tom.
653 5051 678 5126 Ι,
690 5067 722 5129 p.
736 5050 805 5110 186.

402 5146 438 5226 (3)
460 5145 550 5219 Plin,
573 5148 704 5223 XXXVI,
720 5150 750 5209 5.

401 5242 438 5323 (Ι)
459 5243 536 5303 lost.
556 5261 614 5317 or„
635 5245 671 5319 ΙΙ,
688 5246 858 5322 ll;etXll‚
872 5248 921 5305 Ιθ.

404 5338 443 5421 (5)
467 5341 512 5415 Η,
533 5342 584 5401 20.

400 5438 439 5515 [6)
460 5435 535 5498 Vide
548 5440 649 5497 tamen
663 5435 702 5499 de
720 5435 895 5518 anaglyphis
907 5436 1038 5518 figulinis
1057 5436 1301 5511 Winchelmsnn‚
1318 5439 1400 5498 Hisl.
