3534 7267
705 1649 859 1696 causeum
886 1650 919 1696 u.
943 1632 1090 1699 ininius.
1368 1637 1417 1705 25

371 1771 401 1842 is
419 1769 600 1844 Graculus
623 1772 756 1866 haberi,
779 1776 839 1870 qui
865 1754 1001 1868 litteris,
1031 1778 1158 1851 tabulis
1179 1792 1213 1851 et
1233 1782 1340 1877 signis
1356 1781 1415 1855 de·

371 1895 526 1986 lactetur,
547 1906 582 1967 at
601 1908 722 1968 contra
744 1900 923 1971 Romanus
940 1901 1045 1992 civis,
1067 1903 1127 1997 qni
1149 1913 1283 1978 tantum
1304 1905 1417 2001 reipu-

372 2018 473 2091 blicae
491 2012 661 2092 consulat.
683 2023 762 2094 Nou
787 2019 855 2092 alio
870 2022 1013 2095 consilio
1029 2024 1127 2123 fingit
1143 2026 1415 2102 clarissimorum

371 2141 541 2214 artificum
566 2144 708 2216 nomina
726 2168 763 2217 se
780 2168 849 2215 uon
865 2147 962 2241 prius
981 2145 1141 2228 didicisse
1159 2174 1265 2247 quam
1281 2153 1317 2225 in
1334 2156 1418 2225 ·Ver·

370 2290 444 2339 rem
462 2268 679 2363 inquireret(
706 2270 732 2362 ).

622 2522 679 2618 IV.
697 2561 744 2573 --
764 2543 936 2591 secusino
962 2543 996 2593 ru
1021 2546 1161 2594 venenu.
1283 2601 1286 2606 ,

417 2764 502 2851 Quis
515 2787 598 2836 vero
612 2764 716 2836 luerit
730 2766 853 2837 Verres
869 2765 933 2835 iste
951 2766 1015 2859 (2),
1031 2767 1068 2836 in
1083 2788 1188 2862 quem
1203 2768 1329 2843 Noster
1341 2779 1413 2840 tam

368 2890 590 2961 veliementer
607 2888 795 2980 invehitur,
814 2889 879 2960 etsi
897 2912 1006 2984 prope
1024 2912 1126 2962 nemo
1143 2892 1290 2989 ignorat,
1306 2895 1414 2965 nostri

367 3022 420 3083 est
437 3014 606 3109 propositi
619 3036 726 3109 quam
740 3012 944 3084 brevissime
959 3010 1086 3085 dicere.
1267 3014 1270 3020 ’

417 3141 496 3210 Fuit
509 3151 625 3211 autem
639 3149 768 3235 prator
780 3138 846 3209 iste
859 3139 896 3208 iu
915 3137 1045 3229 Sicilia,
1059 3150 1132 3212 tam
1145 3140 1322 3237 locupleti,
1339 3154 1411 3214 tam

366 3275 481 3335 vetere
511 3265 711 3361 provincia,
736 3264 786 3334 ita
817 3285 935 3334 rerum
964 3259 1277 3358 pulcherrimarum
1308 3277 1410 3361 atque

365 3391 693 3487 pretiosissimarum
714 3387 859 3484 cupidus
880 3385 1088 3481 avidusque,
1115 3397 1153 3460 ut
1171 3399 1274 3486 neget
1293 3389 1410 3461 Cicero

365 3513 473 3587 ullum
493 3525 694 3610 argenteum
708 3535 782 3602 vas,
797 3510 906 3583 ullum
929 3510 1139 3582 corinthium
1163 3521 1223 3583 aut
1239 3510 1409 3585 deliacum

364 3637 486 3729 luisse,
508 3638 615 3709 ullam
633 3660 808 3735 gemmam
826 3647 887 3707 aut
901 3636 1139 3731 margaritam,
1159 3636 1351 3735 quidquam
1366 3662 1411 3713 eu

365 3787 449 3835 auro
464 3775 522 3835 aut
538 3762 641 3835 ebore
656 3762 801 3851 laetum,
822 3762 958 3858 signum
972 3757 1081 3831 ullum
1096 3783 1244 3853 aeneum,
1261 3785 1413 3836 marmo-

364 3910 484 3977 reum,
508 3885 713 3976 eburneum,
736 3885 842 3957 ullam
872 3885 1044 3980 picturam
1070 3907 1181 3981 neque
1205 3887 1241 3958 in
1273 3884 1409 3977 tabula»,

363 4033 476 4107 nequo
503 4010 539 4080 in
565 4009 693 4099 textili,
717 4008 801 4104 quin
824 4008 1066 4104 conquisierit,
1088 4011 1295 4107 inspexerit,
1319 4009 1412 4107 quod

362 4137 528 4233 placitum
547 4136 592 4207 sit
610 4134 790 4207 abstulerit
811 4135 879 4228 (3).
896 4135 969 4209 Nec
988 4134 1055 4207 fuit
1074 4147 1192 4207 tamen
1207 4137 1270 4207 iste
1287 4134 1411 4212 harum

361 4288 477 4335 rerum
493 4264 543 4333 ita
560 4261 706 4358 cupidus
720 4272 760 4333 ut
777 4284 912 4353 omnes,
929 4261 1084 4357 qualibet
1101 4275 1174 4335 arte
1199 4262 1406 4353 elaboratas,
1448 4351 1451 4360 Ι
1522 4334 1530 4344 ,

362 4409 459 4482 aeque
477 4386 729 4481 comparaverit
745 4395 849 4480 atque
869 4384 1055 4483 collegerit,
1078 4390 1138 4484 qui
1153 4400 1272 4460 contra
1286 4410 1408 4460 ‘seeum

360 4514 482 4587 hahuit
502 4512 589 4585 duos
610 4512 747 4603 fratres,
778 4509 1018 4607 Tlepolemum
1041 4522 1074 4584 et
1099 4514 1299 4602 Hieronem,
1324 4511 1408 4584 alte·

360 4661 438 4710 rum
466 4664 485 4711 e
518 4663 598 4711 cera
624 4638 830 4735 fingentem,
861 4637 1007 4709 alterum
1033 4639 1219 4734 pictorem,
1247 4638 1305 4734 qui
1328 4635 1408 4709 odo·

399 4923 441 5001 (l)
463 4922 502 4982 Io
521 4922 620 4997 verr,
637 4918 688 4992 lV,
705 4920 735 4979 3.
754 4938 767 4972 α
782 4916 841 4977 Sed
856 4934 961 4978 earum
976 4919 1246 5001 (Canephororum)
1261 4921 1406 4983 artificem

359 5022 477 5098 quem‘.l
501 5020 689 5098 quemnam?
711 5018 792 5075 recte
820 5014 985 5095 admones;
1012 5018 1201 5097 Polycletum
1228 5038 1293 5082 esse
1320 5018 1403 5080 dice·

329 5135 331 5137 ’
436 5138 472 5176 .))

360 5115 440 5290 balli)
461 5197 537 5273 Vide
562 5230 570 5272 τ
599 5212 667 5270 «La
683 5209 798 5287 qolcrt'e
823 5208 860 5266 de
892 5211 1018 5268 Verres»
1045 5230 1099 5291 par
1128 5212 1224 5273 l’abbs')
1248 5213 1402 5292 Fraguier,

357 5311 449 5371 Mem.
464 5310 502 5371 de
515 5308 630 5370 l’llcad.
647 5308 700 5368 dos
716 5304 848 5384 inscript.
862 5309 891 5366 et
906 5305 1129 5386 bellos-lettres,
1148 5318 1229 5372 tome
1242 5313 1291 5370 lX.

398 5409 436 5484 (3)
458 5410 495 5467 ,In
514 5410 609 5483 Veron,
626 5407 674 5479 lV,
691 5408 716 5464 l.
