3534 7267
363 1661 384 1725 8
749 1684 823 1739 narn
850 1686 891 1731 nn
917 1686 1018 1732 stams

362 1833 422 1880 cos
450 1833 587 1905 semper
606 1809 762 1881 floruisse
786 1812 923 1889 norint,
945 1812 1011 1883 boc
1030 1812 1171 1909 quidem
1201 1812 1243 1885 de
1264 1814 1403 1886 bomine

353 1945 515 2030 romano,
538 1936 730 2030 prasertim
750 1936 809 2029 qui
828 1948 906 2006 ante
922 1939 1065 2031 Augusti
1084 1948 1242 2033 tempora
1265 1940 1401 2030 vixerit,

360 2060 477 2130 statim
505 2059 679 2130 affirmare
706 2058 889 2159 noluerim.
925 2061 999 2131 Nee
1025 2072 1141 2129 tamen
1169 2061 1252 2155 quia
1275 2061 1407 2133 leviora
1491 2074 1499 2080 “

360 2193 440 2252 sunt
457 2184 536 2270 ista,
553 2182 629 2254 ideo
648 2180 854 2278 negligenda
876 2209 884 2251 :
907 2183 994 2252 scire
1013 2183 1105 2252 enim
1118 2183 1322 2279 jucundum,
1339 2209 1403 2255 nee

360 2305 476 2377 forsan
506 2307 643 2397 inutile,
671 2306 765 2403 quod
787 2306 980 2403 judicium,
1011 2331 1116 2402 quam
1143 2309 1403 2405 intelligentiam

358 2454 474 2503 rerum
491 2432 628 2502 illarum
646 2431 806 2502 babuerit
821 2432 869 2500 M.
892 2430 1035 2519 Tullius,
1058 2443 1260 2503 eaeterarum
1276 2433 1403 2503 artium

358 2557 585 2651 peritissimus
603 2555 719 2644 judex.

407 2682 482 2750 Hoc
505 2693 621 2750 autem
640 2679 739 2750 nobis
767 2681 981 2775 propositum
1000 2705 1067 2752 non
1087 2684 1182 2778 prius
1205 2684 1343 2778 assequi
1363 2681 1405 2753 li·

359 2808 473 2890 nebit,
500 2829 606 2900 quam
625 2804 668 2875 de
687 2806 793 2901 signis
821 2805 1016 2901 tabulisque
1041 2808 1143 2903 pictis
1162 2806 1254 2903 apud
1269 2820 1403 2877 veteres

359 2937 547 3020 Romanus,
566 2954 635 3027 qao
653 2941 809 3026 tempore
822 2952 899 3000 esse
913 2932 1093 3026 eoeperint,
1114 2932 1191 3025 quis
1207 2930 1320 3002 bonos
1334 2930 1402 3001 illis

359 3056 499 3128 babitus
519 3057 635 3143 fuerit,
657 3077 823 3151 perquam
841 3054 993 3126 breviter
1013 3056 1286 3151 exposuerimus.

412 3306 435 3373 l.
457 3346 507 3357 -
527 3328 567 3375 DE
591 3329 732 3377 PlC'l'llRAE
757 3330 796 3376 ΕΤ
821 3329 914 3377 All'l'lS
938 3329 1118 3376 STl'l'b'AlllAE
1142 3331 1254 3377 lNl'l'llS
1276 3331 1354 3378 APUD

797 3453 956 3500 Romanos.

411 3678 463 3747 Ex
484 3690 640 3749 veterum
663 3677 847 3748 annalibus
870 3689 1006 3748 cunstat
1029 3681 1204 3750 Romanos
1227 3702 1314 3769 non,
1341 3680 1406 3749 nisi

361 3824 449 3890 sero,
470 3799 513 3870 ad
532 3800 683 3871 hominis
709 3800 860 3896 effigiem
878 3800 1022 3871 deorum
1042 3801 1228 3871 simulacra
1250 3800 1407 3873 finxisse.

361 3925 437 3994 Hoc
463 3924 556 3995 enim
586 3923 660 4020 lege
685 3926 808 3997 Numae
833 3924 1016 3995 vetabatur
1037 3927 1102 4016 (l).
1125 3923 1192 3996 Sed
1220 3936 1406 4021 postquam

362 4045 569 4141 Tarquinius
586 4047 735 4143 priseuS,
758 4048 904 4144 imperio
932 4048 1075 4142 potitus,
1098 4048 1293 4119 tuseauiros
1322 4073 1407 4119 usus
1518 4095 1521 4102 -

362 4171 435 4244 fere
448 4195 569 4243 amnes
586 4176 732 4245 Romam
746 4173 874 4264 intulit,
892 4184 966 4244 tum
980 4175 1131 4269 primum
1145 4172 1275 4245 ibidem
1294 4175 1403 4271 signa,

360 4319 430 4367 nan
444 4295 556 4367 salum
572 4295 637 4366 diis
656 4295 715 4367 sed
732 4297 836 4367 etiam
852 4296 1050 4368 bominibus
1067 4297 1164 4368 fuer‘e
1179 4299 1306 4393 posita.
1326 4299 1407 4385 Qui-

361 4421 426 4492 bus
441 4419 608 4492 faciendis
623 4444 691 4490 nou
705 4420 855 4492 defuisse
871 4421 1042 4493 artificum
1057 4420 1149 4492 haud
1167 4422 1404 4519 imperitorum

362 4570 485 4617 manus
513 4544 594 4616 licet
621 4546 786 4642 suspicari
814 4569 857 4618 ex
882 4547 1049 4617 sententia
1075 4546 1173 4619 Plinii
1198 4543 1406 4619 affirmantis

367 4702 380 4733 α
400 4670 508 4743 fuisse
528 4672 729 4742 statuariam
748 4682 857 4743 artem
875 4670 1083 4742 familiarem
1098 4671 1203 4742 ltaliae
1218 4692 1356 4765 quoque
1371 4680 1405 4738 et

362 4810 535 4869 vetustam
557 4800 605 4891 (ἲ)
623 4830 635 4862 »
651 4829 660 4889 ;
677 4796 737 4870 sed
748 4797 863 4891 lignea
881 4807 1014 4867 tantum
1033 4807 1067 4866 et
1086 4792 1204 4866 fictilia
1222 4792 1406 4864 simulacra

361 4923 398 4993 in
427 4921 578 4993 delubris
608 4922 722 4994 dicata
751 4920 858 4993 fuisse
883 4918 977 4991 idem
1008 4928 1126 4989 auctor
1158 4926 1303 4987 testatus
1335 4925 1403 4988 est.

402 5250 440 5329 (l)
462 5249 566 5308 Nattae
580 5246 618 5308 de
635 5248 738 5324 Heyne
759 5264 813 5304 sar
834 5247 877 5304 tes
893 5233 1068 5322 Etrusqaes.
1093 5240 1142 5301 42.
1158 5238 1405 5309 Winckelmann,

362 5347 447 5407 urst.
460 5345 497 5404 de
511 5342 592 5418 t'au,
608 5342 656 5403 liv.
671 5344 706 5413 V,
719 5360 747 5402 e.
763 5361 798 5403 ιι.

404 5445 439 5519 (a
462 5442 523 5503 mv.
539 5444 669 5517 xxxiv,
687 5444 733 5500 m.
