3534 7267
699 1668 849 1719 sunsnnrr
875 1670 911 1716 n.
941 1669 1088 1716 rnnnrus.
1181 1740 1184 1745 1
1365 1648 1404 1715 7.l

364 1798 559 1894 judicatum
581 1796 689 1867 nostri
709 1794 870 1867 homines
896 1794 1043 1865 fortasse
1068 1817 1138 1864 non
1154 1802 1326 1890 putarent,
1351 1794 1409 1890 qui
1442 1880 1445 1888 μ

368 1934 501 1994 statuas
522 1919 692 2016 lapideas,
712 1921 823 2017 magis
839 1942 947 2015 quam
967 1942 1120 1990 marmor
1139 1918 1193 1989 vel
1223 1918 1410 2014 pulcherri-

368 2070 479 2138 mum,
496 2043 588 2142 quod
601 2047 645 2117 sit
656 2043 742 2116 rude
757 2042 870 2116 adhuc
885 2056 919 2115 et
930 2042 1162 2134 illaboratum,
1177 2065 1269 2137 saepe
1287 2044 1411 2115 miran-

326 2143 329 2150 ’
368 2180 439 2239 tur.
455 2166 599 2257 Idcirco,
614 2178 653 2238 ut
662 2168 796 2263 opinor,
814 2164 967 2258 Phidias,
989 2165 1045 2238 ille
1060 2165 1270 2270 clarissimus
1283 2165 1409 2238 artifex

366 2293 424 2387 qui
443 2292 728 2387 pretiosissimam
748 2313 922 2386 quamque
937 2290 1118 2362 materiam
1138 2288 1240 2387 elegit
1253 2313 1324 2386 quo
1336 2292 1408 2362 suis

366 2417 527 2512 operibus
555 2415 715 2488 decorem
744 2413 896 2505 adderet,
926 2439 1015 2506 non,
1032 2412 1237 2500 sicutisuis
1261 2414 1404 2504 civibus,

367 2542 466 2614 nobis
488 2565 637 2637 quoque,
660 2541 769 2611 nimia
785 2541 868 2612 artis
885 2538 1157 2639 magnificentia,
1176 2539 1319 2611 forsitan
1335 2541 1407 2637 pla·

367 2679 471 2739 cerat.

413 2797 491 2866 Jam
514 2794 587 2888 ipse
615 2792 734 2864 Cicero
757 2813 834 2886 quae
865 2799 946 2861 sunt
974 2814 1015 2862 ex
1034 2812 1123 2879 aere,
1151 2789 1253 2861 nullis
1273 2813 1316 2860 ex
1341 2791 1406 2860 alio

356 2914 503 2988 metallo
519 2916 625 3013 signis
639 2914 803 2986 inferiora
823 2936 913 3007 esse,
934 2913 1121 3014 existimat.

414 3042 608 3127 Quemnam
634 3063 716 3110 vero
737 3040 916 3135 signorum
939 3037 1106 3110 artificem
1133 3040 1252 3110 ceteris
1280 3051 1406 3135 praetu·

364 3164 451 3256 lerit,
476 3187 545 3249 non
561 3162 645 3236 levis
659 3174 712 3234 est
731 3161 830 3235 lahor
848 3161 1065 3258 dignoscere.
1086 3163 1189 3252 Nam,
1209 3164 1272 3234 etsi
1292 3163 1406 3259 Myro·
1450 3218 1451 3226 ,

364 3288 456 3358 ronis
478 3286 661 3359 Herculem
679 3297 714 3359 et
736 3287 903 3357 Buculam
919 3284 969 3379 (l)
984 3284 1114 3377 laudat,
1136 3297 1182 3376 et,
1204 3298 1241 3358 ut
1263 3286 1406 3358 brachia

364 3412 554 3503 Praxitelis,
575 3423 695 3507 pectus
706 3409 892 3508 Polycleti,
910 3411 1007 3481 itaet
1026 3410 1181 3507 Myronis
1199 3413 1314 3507 capita
1329 3411 1404 3482 aliis

365 3536 521 3631 exempla
539 3558 614 3607 esse
631 3535 815 3633 significat,
835 3545 953 3605 tamen
977 3534 1145 3606 nonsatis
1163 3534 1207 3605 ad
1223 3537 1404 3608 veritatem

365 3657 512 3732 adducta
525 3659 598 3756 ejus
612 3681 718 3755 opera
731 3682 808 3731 csse
831 3657 918 3730 dixit
940 3658 1007 3754 (2).
1030 3659 1176 3731 Omissis
1197 3682 1279 3732 vero
1300 3663 1406 3735 ,Cana-

364 3785 429 3856 cho
447 3796 482 3857 et
502 3782 689 3877 Calamide,
716 3808 865 3881 quorum
881 3808 938 3856 ars
958 3783 1074 3856 rudior
1090 3808 1160 3856 non
1178 3787 1295 3883 magni
1318 3789 1407 3859 aesti-

362 3909 490 3981 manda
509 3920 574 4001 est,
601 3920 785 4005 supersunt
804 3907 998 4006 Polycletus
1020 3920 1123 4005 atque
1141 3908 1293 4003 Phidias,
1316 3913 1405 3981 inter

362 4057 447 4129 quos
466 4034 573 4106 haeret
591 4056 796 4129 suspensum
824 4033 939 4108 Nostri
953 4031 1121 4129 judicium
1143 4033 1207 4128 (3).
1233 4035 1403 4120 Quemad-

362 4342 398 4402 de
420 4342 543 4421 t'crt‚l‚
559 4346 602 4405 t:
619 4345 733 4407 «Nous
752 4361 859 4406 savons
878 4362 938 4424 qua
962 4344 1045 4406 Jules
1068 4345 1158 4407 cesar
1178 4337 1275 4426 ayant
1289 4348 1402 4427 envoyai

361 4456 419 4500 une
432 4440 550 4501 colonie
570 4442 588 4501 t
601 4439 754 4518 Corintho,
769 4458 848 4521 pour
861 4439 934 4502 loire
950 4440 1037 4505 sortir
1059 4441 1160 4504 deses
1178 4442 1305 4505 cendres
1324 4450 1402 4505 cette

350 4535 428 4597 ¹rillo
446 4536 629 4614 infortunio,
647 4538 784 4601 ordonna
807 4538 845 4600 de
863 4538 983 4601 souiller
1006 4537 1082 4601 dans
1106 4540 1150 4601 les
1173 4540 1349 4603 de'comhres
1364 4541 1402 4603 de

361 4651 408 4694 ses
419 4634 558 4713 edifices,
580 4645 610 4697 et
627 4636 697 4698 d'en
714 4636 786 4697 tirer
800 4636 926 4698 d'abord
939 4644 1008 4699 tous
1020 4638 1065 4711 les
1076 4653 1219 4715 ouvrages
1230 4653 1269 4697 en
1279 4636 1399 4712 bronze,

360 4732 474 4793 ensuite
492 4742 560 4794 tous
580 4752 657 4796 ceux
669 4753 709 4796 en
721 4739 801 4797 terre
814 4735 910 4811 culte,
930 4753 965 4796 ce
982 4734 1034 4815 qui
1053 4752 1132 4796 nous
1142 4751 1256 4814 prouve
1268 4735 1298 4796 la
1310 4734 1401 4796 hante

359 4830 465 4892 estime
481 4830 535 4892 des
548 4831 670 4894 enciens
683 4832 759 4894 dans
777 4838 846 4895 tous
864 4833 909 4895 les
934 4838 1034 4913 temps
1055 4849 1133 4913 pour
1154 4850 1205 4893 ces
1225 4832 1348 4912 especes
1362 4832 1401 4893 de

359 4926 567 5006 productioris.
585 4951 600 4986 r
649 4964 651 4969 -

398 5024 439 5101 (l)
460 5026 499 5086 Ia
515 5028 610 5101 Vero„
626 5030 743 5105 1v‚60.
1111 5082 1114 5090 .

397 5124 437 5201 (ἢ)
458 5124 584 5200 Brutos,
599 5128 638 5185 70
649 5132 680 5187 et
690 5129 748 5188 75:
765 5127 910 5187 «Tamen
923 5125 1003 5189 illius
1015 5126 1124 5209 (Naevii)
1139 5144 1231 5208 quern
1242 5126 1275 5187 in
1284 5125 1399 5188 vatibus

357 5222 391 5277 et
410 5216 509 5281 launis
523 5228 682 5284 enumerat
703 5222 834 5299 Ennius,
848 5222 967 5285 Bellum
988 5223 1155 5300 Punicum,
1170 5222 1255 5299 quasi
1269 5222 1399 5300 Myronis
1420 5251 1422 5255 >

357 5332 437 5395 opus
457 5315 598 5379 delectat.
615 5340 631 5377 r

397 5412 439 5490 (3)
459 5414 600 5477 Attamen
612 5415 723 5479 Phidiae
738 5433 816 5497 opus
827 5416 911 5498 quod
930 5417 1066 5488 laudaret
1083 5416 1271 5499 potissimum
1285 5416 1394 5495 elegit:
