3534 7267
699 1730 852 1775 sansacu
880 1732 913 1775 n.
943 1702 1089 1777 ruscius
1372 1713 1418 1779 Ι5

375 1860 544 1929 sententia
562 1858 704 1929 minimo
725 1858 947 1929 Ciceroniana
961 1866 1051 1929 esset
1076 1888 1083 1927 ε
1108 1857 1144 1928 id
1163 1881 1262 1951 vero,
1289 1872 1326 1931 ut
1343 1862 1417 1956 opi-

374 1996 450 2070 nor,
474 1981 667 2078 significare
685 1980 805 2069 voluit,
825 2004 948 2077 nempe
970 1995 1123 2055 veterum
1143 1982 1417 2056 tabularum‘oo‘-

372 2106 460 2179 lores
482 2109 651 2179 vetustate
673 2129 740 2178 non
762 2112 834 2177 tam
853 2105 1057 2178 obscuratos
1080 2130 1186 2203 quam
1206 2120 1414 2206 temperatos

372 2243 429 2322 ut,
461 2235 533 2328 prae
558 2231 790 2302 recentiorum
821 2231 1034 2324 picturarum
1067 2231 1259 2328 splendore,
1297 2233 1415 2307 oculos

373 2356 597 2429 delectarent.
630 2358 739 2446 Nam,
777 2357 804 2427 si
837 2379 958 2426 rerum
990 2355 1075 2428 illud
1104 2369 1180 2448 est,
1218 2358 1310 2455 quod
1339 2360 1415 2455 ipse

372 2480 458 2551 dixit
477 2482 528 2572 (1)
551 2513 558 2550 :
585 2510 599 2543 ι
622 2479 748 2550 Pictori
767 2502 842 2550 esse
865 2482 1040 2576 expositos
1065 2481 1194 2554 colores
1216 2483 1260 2555 ad
1278 2485 1414 2556 varian-

370 2602 473 2693 dum,
498 2636 511 2668 »
542 2626 611 2674 non
633 2604 710 2699 ipsa
731 2602 879 2674 varietas
899 2603 1083 2700 culpanda,
1116 2605 1179 2678 sed
1201 2616 1281 2704 quat
1305 2609 1414 2691 nimia

370 2740 436 2800 est.
468 2730 525 2800 Sic
551 2729 643 2799 enim
667 2727 888 2825 intelligenda
917 2742 988 2821 est,
1020 2743 1058 2803 ut
1082 2733 1224 2827 opinor,
1257 2732 1410 2831 ejusdem

370 2853 540 2924 sententia
570 2875 640 2948 qua
675 2853 889 2948 antiquitatis
928 2855 1054 2926 nimios
1087 2870 1260 2930 amatores
1299 2857 1417 2954 lepide

368 2978 605 3074 praestringit:
628 3008 641 3042 ι
662 2976 751 3065 Quid
774 2978 803 3048 si
821 2981 1072 3076 antiquissimo
1097 2980 1155 3053 illa
1175 2982 1312 3080 pictura
1332 3007 1414 3080 pau-

369 3127 490 3175 corum
508 3103 662 3177 colorum
687 3102 825 3197 (nempe
851 3102 1022 3175 zeuxidis
1045 3121 1079 3175 et
1092 3106 1287 3205 'Polygnoti
1307 3125 1341 3178 et
1363 3112 1415 3202 Ti·

367 3226 537 3311 nrantlu'r,
557 3229 707 3323 quinon
726 3229 885 3297 surturi
901 3227 986 3324 plus
1008 3254 1116 3326 quam
1134 3248 1301 3328 quattuor
1321 3233 1415 3303 colo«

367 3351 493 3447 rr'bus),
511 3352 622 3449 magis
640 3374 746 3447 quam
762 3350 838 3422 haec
851 3356 926 3448 jam
942 3352 1099 3447 perfecta
1120 3354 1260 3449 (nempe
1286 3354 1412 3426 delrio-

367 3479 436 3562 nis,
452 3474 675 3564 Nicomachi,
695 3476 914 3571 Protogenis,
929 3476 1078 3571 Apelleo,
1089 3480 1127 3547 iu
1145 3476 1275 3575 quibus
1291 3483 1410 3550 ouantis

357 3600 442 3694 jam
462 3616 546 3670 sunt
562 3599 743 3697 perfecta)
761 3598 907 3671 delectet
928 3598 1039 3696 (Νη
1179 3681 1181 3685 ⁴

415 3722 603 3798 Horridum
620 3735 737 3797 autem
751 3722 1027 3821 obsoletumque·,
1047 3726 1076 3798 si
1090 3725 1173 3823 quid
1187 3727 1243 3800 vel
1256 3729 1293 3799 in
1305 3730 1410 3827 signis

364 3849 432 3922 tale
446 3862 555 3932 esset,
578 3851 721 3923 minime
744 3850 916 3946 placrdsse
934 3851 1047 3924 Tullio
1064 3862 1158 3948 patet
1180 3875 1221 3924 ex
1236 3853 1346 3949 ipsius
1354 3860 1410 3951 J‘u-.

363 3973 453 4047 dicio
468 3974 510 4047 de
525 3976 633 4073 signis
650 3975 800 4047 Canachi
814 3977 880 4069 (3),
905 4006 918 4039 ι
935 3999 1012 4072 quae
1028 3988 1108 4048 sunt
1124 3976 1288 4073 rigidiora
1304 4002 1409 4076 quam

363 4111 401 4170 ut
421 4100 600 4171 imitentur
620 4101 820 4191 veritatem3
845 4099 1030 4172 Calamidis
1058 4100 1144 4173 dura
1169 4100 1229 4174 illa
1247 4101 1404 4199 quidem,

363 4222 424 4295 scd
442 4234 560 4297 tamen
578 4223 736 4296 molliora
752 4248 856 4321 quam
882 4224 1054 4317 Canachi;
1078 4224 1229 4299 nondum
1253 4228 1408 4325 Myronis

362 4351 446 4419 satis
465 4346 510 4419 ad
529 4350 710 4433 veritatem
729 4348 897 4441 adducta3
914 4356 987 4446 jam
1007 4362 1137 4444 tamen,
1158 4375 1236 4448 quae
1254 4376 1323 4425 non
1346 4351 1408 4425 du·

361 4470 452 4544 bites
462 4472 608 4570 pulchra
617 4472 731 4545 dicere
744 4505 749 4552 2
761 4472 962 4569 pulchriora
975 4474 1080 4546 etiarn
1095 4474 1275 4572 Polycleti,
1289 4487 1324 4546 et
1332 4481 1407 4572 jam

360 4596 463 4691 plane
480 4597 654 4693 perfecta,
676 4607 715 4669 ut
737 4596 823 4668 mihi
841 4595 980 4694 quidem
1002 4596 1111 4669 videri
1130 4598 1282 4670 solent.»
1306 4601 1405 4670 Hanc

361 4721 404 4794 de
418 4722 595 4819 Polycleto
614 4723 821 4794 sententiam
834 4724 942 4795 luisse
958 4734 1112 4796 veterum
1129 4747 1234 4820 prope
1248 4724 1405 4796 omnium

355 4846 487 4944 judicio
502 4845 765 4943 comprobatam
781 4871 802 4920 a
818 4849 1028 4936 Quintiliano
1043 4850 1241 4945 accepimus
1258 4852 1329 4942 (4);
1345 4852 1404 4946 qui

232 5001 234 5004 ·
358 4983 476 5044 tamen
497 4996 577 5044 eum
599 4984 735 5061 censet,
754 4984 792 5045 ut
813 4971 976 5047 humana
994 4974 1116 5046 formae
1133 4973 1291 5048 decorem
1309 4973 1404 5046 addi-

400 5203 437 5282 (Ι)
459 5208 503 5263 De
517 5204 615 5274 Orat„
632 5201 685 5264 lib.
701 5204 750 5275 ΙΙΙ,
766 5204 815 5263 57.

280 5379 283 5383 ⁸
401 5303 441 5379 (5)
464 5303 564 5370 Orat„
580 5302 631 5361 50.

397 5402 438 5475 (3)
458 5398 560 5464 Brut,
575 5398 727 5473 XV11,·10.

398 5494 437 5574 (ll
458 5495 535 5554 lost.
552 5501 645 5566 orat,
661 5494 725 5572 XIl,
738 5497 786 5556 l0.
