3534 7267
651 1716 805 1763 sensuam
831 1719 863 1762 u.
891 1718 1039 1765 antuus.
1321 1706 1367 1772 ⁶29

372 1841 485 1927 Quam
499 1838 665 1911 invidiose
679 1841 746 1911 ista
760 1841 884 1914 dixerit
898 1844 1073 1916 neminem
1088 1845 1198 1943 fugit3
1216 1860 1249 1918 at
1263 1872 1368 1944 quam

323 1985 413 2059 agre
428 1962 516 2034 ferat
535 1965 678 2034 Verrem
695 1986 736 2038 ea
754 1962 847 2036 domi
867 1963 1009 2056 habere,
1033 1989 1112 2061 quae
1134 1968 1210 2064 ipse
1234 1993 1298 2042 suo
1317 1996 1370 2043 ar·

321 2083 424 2157 bitrio
440 2086 565 2157 intueri
578 2096 613 2157 et
626 2085 789 2158 admirari
810 2087 927 2180 vellet,
947 2112 990 2162 ex
1010 2088 1127 2162 verbis
1142 2094 1367 2188 sequentibus

320 2212 432 2309 magis
451 2212 588 2284 elucet:
617 2212 812 2286 «Nostrum
835 2213 927 2284 euim
946 2217 1198 2312 unusquisque,
1220 2219 1287 2309 ait,
1307 2221 1366 2316 qui

317 2350 392 2409 tam
401 2335 516 2429 -beati,
534 2361 637 2433 quam
651 2338 716 2409 iste
731 2349 793 2429 est,
810 2362 880 2410 non
893 2350 1031 2430 sumus,
1049 2352 1121 2412 tam
1134 2339 1274 2415 delicati
1290 2368 1365 2418 esse

319 2485 387 2535 non
409 2485 616 2559 possumus,
644 2461 829 2559 siquando
859 2463 989 2561 aliquid
1007 2466 1107 2538 istius
1129 2466 1224 2539 modi
1248 2467 1364 2542 videre

317 2586 421 2677 volet,
435 2598 491 2657 eat
504 2585 547 2658 ad
561 2585 670 2657 aedem
687 2585 887 2679 Felicitatis,
903 2586 946 2659 ad
959 2601 1223 2663 monumentum
1236 2592 1360 2684 Catuli,

316 2716 353 2781 in
370 2712 543 2807 porticum
563 2710 711 2802 Metelli,
731 2709 789 2782 det
810 2734 953 2808 operam
971 2724 1009 2785 ut
1028 2714 1231 2788 admittatur
1247 2717 1284 2788 in
1302 2717 1362 2790 ali·

316 2840 412 2931 cujus
438 2835 581 2907 istorum
603 2826 860 2927 Tusculanum,
885 2847 1019 2934 spectet
1042 2840 1158 2913 forum
1184 2854 1357 2931 ornatum,

316 2956 447 3054 siquid
472 2960 537 3030 iste
560 2983 702 3031 suorum
730 2958 888 3032 aditibus
911 2962 1208 3034 accommodarit:
1238 2968 1360 3039 Verres

314 3080 389 3153 haec
409 3081 536 3154 haheat
555 3084 666 3172 domi3
684 3087 808 3156 Verres
831 3086 1043 3157 ornamentis
1069 3086 1230 3161 fanorum
1258 3100 1360 3188 atque

312 3205 518 3302 oppidorum
535 3206 660 3278 habeat
676 3206 816 3303 plenam
834 3206 990 3299 domum,
1010 3207 1109 3280 villas
1127 3209 1285 3282 refertas.
1303 3244 1317 3276 s

362 3332 469 3403 Miror
483 3331 642 3429 equidem
665 3329 777 3404 Tullio
796 3333 941 3403 Verrem
965 3335 1160 3423 accusanti,
1174 3333 1270 3429 quod
1287 3359 1357 3407 non

311 3453 433 3527 urbem
453 3480 576 3528 ornare
598 3456 760 3529 maluerit
782 3480 888 3553 quam
910 3455 1052 3529 domum
1077 3482 1189 3550 suern,
1207 3460 1243 3531 in
1259 3483 1357 3531 men·

310 3590 380 3650 tem
399 3603 467 3650 non
483 3581 617 3653 venisse
633 3603 683 3672 se,
697 3604 768 3652 non
778 3586 852 3676 jam
870 3579 1065 3653 Siculorum
1082 3582 1154 3654 suis
1172 3606 1357 3656 ornamen-

308 3705 353 3775 tis
364 3702 576 3796 orbatorum,
592 3704 652 3777 sed
666 3704 782 3801 populi
797 3706 933 3788 romani
945 3704 1135 3801 spoliorum
1156 3706 1355 3802 spectaculo

309 3826 479 3919 fraudati,
500 3824 642 3901 cansam
661 3854 773 3927 agere.
795 3833 872 3905 Non
893 3831 999 3921 enim,
1021 3841 1060 3901 ut
1078 3830 1191 3903 furem
1215 3844 1249 3903 et
1266 3857 1355 3929 prae-
1451 3858 1452 3862 ¹

307 3951 462 4024 datorem
475 3954 665 4026 alienorum
676 3953 858 4035 bonorum,
872 3963 1055 4049 praetorem
1070 3951 1280 4049 aggreditur,
1293 3954 1353 4027 sed
1430 4006 1432 4010 ψ
1503 4001 1506 4008 -

307 4089 346 4149 nt
369 4076 546 4151 hominem
570 4078 620 4148 ita
644 4087 785 4164 natum,
806 4076 855 4146 ita
874 4074 1079 4166 educatum,
1097 4076 1146 4146 ita
1169 4075 1301 4147 factum
1319 4090 1354 4149 et

307 4201 422 4271 animo
446 4209 479 4269 et
502 4222 658 4295 corpore,
679 4210 719 4269 ut
746 4196 856 4270 multo
881 4198 1070 4294 appositior
1096 4197 1140 4269 ad
1165 4197 1353 4273 deferendo
1426 4254 1429 4259 -

305 4346 411 4419 quam
435 4320 478 4392 ad
498 4321 684 4394 auferenda
706 4322 804 4418 signa
821 4343 898 4392 esse
916 4319 1073 4393 videatur
1093 4324 1156 4414 (1).

354 4449 530 4522 Nimirum.
542 4447 578 4518 in
591 4445 660 4517 hac
674 4445 890 4541 amplissima
905 4458 938 4517 et
956 4448 1163 4543 gravissima
1179 4472 1296 4540 causa,
1311 4450 1347 4521 in

305 4595 373 4668 qua
393 4570 434 4642 de
451 4571 544 4642 omni
572 4569 689 4641 Sicilia
708 4569 855 4664 spoliata
873 4592 915 4639 ac
931 4593 1038 4665 prope
1054 4568 1184 4642 nudata
1207 4582 1347 4643 acturus

305 4709 373 4787 est,
394 4694 540 4786 diutius,
570 4706 609 4766 ut
633 4694 767 4790 opinor,
788 4694 825 4764 in
850 4717 891 4765 eo
917 4694 1121 4765 immoratur
1144 4707 1182 4766 ut
1206 4689 1348 4765 Verrem
1453 4691 1454 4694 ’

303 4818 438 4916 planius
464 4817 624 4891 ostendat
648 4840 761 4913 neque
786 4828 895 4907 artes,
922 4839 1035 4912 neque
1061 4816 1191 4888 litteras
1218 4840 1348 4915 graecas

302 4942 477 5037 didicisse,
501 4942 601 5039 quasi
616 4939 776 5013 videlicet
797 4938 839 5012 de
859 4962 942 5011 vera
964 4951 1024 5013 aut
1046 4940 1134 5012 falsa
1151 4938 1251 5013 istius
1271 4964 1348 5013 eru·

301 5069 441 5159 ditione,
463 5093 533 5140 non
545 5074 619 5164 jam
638 5064 681 5137 de
701 5064 891 5137 latrociniis
911 5068 1099 5163 ageretur(
1126 5066 1152 5161 ).
1209 5043 1212 5048 ’
1405 5056 1409 5062 ’

339 5365 382 5535 ldV
403 5364 518 5534 lllll,
524 5460 575 5519 lib.
592 5462 615 5533 l,
626 5462 659 5519 ot
675 5477 682 5519 :
696 5481 710 5516 α
722 5460 820 5519 Homo
832 5457 967 5517 omniurn
978 5473 1079 5517 rerum
1089 5454 1257 5533 imperitus,
1266 5471 1345 5533 quae-
