3534 7267
431 1632 476 1699 to
816 1654 894 1709 outo
922 1653 961 1698 on
988 1631 1107 1699 sienis

426 1792 537 1872 ctum,
558 1794 697 1853 curante
718 1781 841 1876 Spurio
859 1782 998 1869 Cassio,
1018 1781 1145 1853 tabulis
1166 1770 1326 1856 ornatum
1346 1787 1464 1876 fuerit,

427 1904 488 1977 sed
503 1906 606 1977 etiam
621 1906 657 1976 in
671 1904 747 1975 foro
763 1905 901 1995 Boario,
920 1903 991 1977 aede
997 1940 1003 1990 χ
1011 1906 1182 1995 Herculis,
1200 1910 1337 1980 Pacuvii
1359 1923 1469 2005 poeta

427 2031 563 2123 pictura
588 2028 831 2102 celebraretur.
861 2032 972 2102 lmmo
992 2054 1074 2101 vero
1102 2031 1232 2105 ratius
1251 2033 1325 2125 ille,
1350 2036 1469 2107 claris·

426 2156 525 2225 sima
550 2155 663 2252 gentis
687 2154 870 2254 princeps,
889 2154 1017 2243 Pictor,
1036 2177 1078 2226 ex
1100 2162 1172 2228 arte
1195 2181 1299 2253 quam
1320 2159 1469 2231 studiose

427 2278 578 2369 colchat,
594 2279 854 2376 cognominatus
870 2288 922 2350 est
937 2306 945 2347 ι
959 2276 1018 2350 scd
1031 2283 1143 2375 neque
1153 2281 1220 2351 ista
1231 2282 1351 2354 tabula
1364 2307 1469 2379 quam

428 2404 509 2476 frib.
542 2405 742 2494 Gracchus,
775 2402 1107 2500 Carthaginiensium
1134 2407 1254 2497 victor,
1285 2408 1470 2479 Libertatis

427 2527 548 2624 templi
564 2528 754 2625 parictibus
774 2527 904 2618 alfixit,
921 2552 1032 2631 neque
1050 2530 1127 2620 illa,
1144 2555 1223 2627 quae
1239 2508 1397 2604 victoriae
1412 2531 1471 2604 ad·

429 2676 548 2726 uersus
567 2651 707 2725 eosdem
727 2678 748 2724 a
767 2652 901 2725 Valerio
919 2653 1067 2735 Messala
1084 2654 1201 2727 relata
1219 2655 1370 2753 effigiem
1387 2682 1473 2753 prae·

430 2777 553 2865 hehet,
575 2802 687 2874 neque
704 2778 781 2870 illa,
808 2782 844 2851 in
869 2778 945 2849 loro
967 2765 1227 2874 expositaque
1246 2781 1286 2850 L.
1303 2779 1471 2852 Hostilius

430 2902 629 2982 Mancinus,
648 2904 708 2999 qui
731 2904 864 2999 primus
891 2902 1132 2999 Carthaginem
1155 2914 1207 2973 est
1224 2905 1417 3001 ingressus,
1438 2917 1472 2975 et

429 3026 506 3120 ipsa
531 3027 651 3125 civitas
672 3039 869 3125 oppugnata
887 3029 981 3123 picta
1007 3026 1209 3114 uisebantur
1228 3030 1297 3120 (l),
1323 3051 1386 3098 nec
1412 3027 1471 3099 de·

431 3151 534 3246 nique
559 3150 636 3243 illa,
664 3154 702 3222 L.
725 3152 893 3249 Scipionis
911 3152 1059 3223 Asiatici.
1069 3157 1168 3247 jussu
1186 3150 1353 3246 perlecta,
1375 3146 1471 3224 fuere

431 3276 516 3346 artis
535 3276 619 3346 scite
640 3288 741 3372 atque
759 3275 933 3373 eleganter
954 3275 1100 3347 excultae
1115 3276 1334 3366 testimouia;
1362 3277 1470 3347 immo

417 3424 570 3490 omnes,
590 3412 628 3473 ut
648 3401 783 3497 opinor,
805 3400 848 3472 ad
868 3401 1134 3473 ostentationem
1152 3400 1319 3496 triumphi
1336 3424 1473 3472 accom-

343 3506 347 3518 ’
431 3524 591 3616 modatae,
608 3526 807 3623 superbiam
821 3537 958 3597 tantum
971 3526 1125 3596 victoria
1139 3524 1346 3622 significant.
1443 3581 1446 3586 .

436 3709 439 3715 ,
481 3653 629 3722 Romani
652 3663 770 3722 autem
788 3674 895 3747 quam
917 3674 1040 3746 parum
1066 3651 1102 3721 in
1125 3651 1260 3746 pictura
1281 3660 1316 3721 et
1339 3649 1376 3722 in
1400 3659 1471 3721 arte
1520 3643 1523 3652 ’

430 3776 595 3874 statuaria
604 3775 822 3871 profecerint,
837 3798 880 3846 ex
890 3774 968 3869 ipso
981 3775 1144 3846 Cicerone
1156 3773 1236 3847 licet
1249 3797 1468 3871 cognoscere,

432 3902 490 3997 qui
513 3901 598 3972 mihi
617 3912 783 3996 tanquam
802 3898 917 3970 dolere
933 3897 1078 3986 videtur,
1104 3896 1198 3995 quod
1224 3896 1314 3993 apud
1336 3921 1402 3969 eos.
1416 3922 1473 3969 ne-

430 4051 497 4123 que
529 4025 695 4123 Polycleti
724 4048 836 4120 neque
865 4024 1038 4095 Parrhasii
1067 4023 1216 4123 luerint,
1245 4025 1304 4119 qui
1328 4023 1472 4095 fortasse

407 4162 412 4170 ’
432 4150 642 4223 exstitissent
661 4150 690 4221 si
708 4147 829 4237 Fabio,
851 4147 1066 4220 nobilissimo
1083 4147 1227 4237 homini,
1244 4146 1338 4218 laudi
1353 4149 1471 4219 datum

412 4339 413 4343 ,
433 4288 525 4347 esset
542 4274 635 4371 quod
651 4274 805 4371 pingeret
818 4273 884 4365 (2).
905 4270 1046 4347 Nullum
1061 4271 1188 4343 etenim
1207 4294 1269 4366 per
1285 4293 1322 4341 se
1336 4272 1474 4343 invene-

435 4412 516 4474 runt
534 4400 731 4473 tabularum
751 4397 994 4494 signorumque
1012 4420 1130 4494 genus,
1151 4395 1211 4469 sed
1228 4420 1248 4470 a
1265 4397 1386 4470 Tuscis
1403 4396 1471 4489 (3),
1534 4400 1537 4407 '

471 4738 511 4811 tl)
532 4734 627 4807 Pline,
638 4735 757 4807 XXXV,
772 4734 802 4793 ··1.
821 4752 837 4790 u
849 4733 886 4791 Et
896 4730 961 4811 ipse
976 4728 1116 4790 assistens
1129 4726 1242 4807 populo
1256 4724 1400 4804 spectanti
1413 4724 1473 4785 sin-

431 4832 502 4910 gula
514 4830 685 4893 enarrando
703 4848 711 4891 :
733 4848 793 4909 qua
812 4826 953 4889 comitate
976 4823 1121 4905 proximis
1135 4822 1268 4885 comitiis
1287 4821 1474 4883 consulatum

431 4926 558 5007 adeptus
572 4936 658 4987 est.»
778 4914 780 4917 ⁴

473 5033 514 5110 (2)
539 5033 670 5101 Tacent,
687 5026 1019 5104 1‚a.Vat.Max.,v111‚
1035 5026 1085 5085 ll.
1101 5047 1113 5079 o
1129 5024 1268 5085 Ceterum
1278 5020 1398 5083 sordido
1410 5030 1475 5084 stu-

432 5130 483 5193 dio
497 5128 633 5190 deditum
654 5125 808 5205 ingenium
823 5123 1066 5203 qualemcunque
1084 5122 1171 5183 illum
1191 5118 1324 5182 laborem
1337 5137 1425 5179 suum
1436 5119 1475 5180 si-

431 5226 525 5289 lentio
539 5223 691 5287 obliterari
701 5221 835 5285 noluit.»
1303 5292 1307 5299 .

473 5330 516 5403 (3)
541 5326 621 5385 «Les
640 5322 708 5402 plns
722 5320 882 5383 anciennes
900 5319 1055 5399 peintures
1079 5315 1130 5397 qui
1153 5315 1332 5377 existassent
1353 5313 1474 5375 dauslc
1528 5362 1529 5365 ,

433 5425 560 5498 Latium,
575 5420 665 5482 cellos
685 5419 812 5480 d‘hrdec
828 5424 858 5479 et
872 5418 910 5478 de
923 5414 1101 5489 Lanuvium,
1118 5410 1407 5475 etaientcxccntees
1423 5428 1474 5471 sur
