3534 7267
377 1722 423 1788 50
764 1741 844 1796 ouru
871 1742 911 1787 uu
938 1740 1042 1789 sionis

425 1863 598 1936 luterdum
615 1874 650 1935 et
665 1864 881 1937 sermonibus
898 1868 1171 1940 narratiunculas
1185 1870 1320 1962 inserit,
1332 1897 1416 1969 qua-

374 2014 457 2062 rum·
475 2013 581 2062 unam
608 1987 649 2060 de
678 1988 835 2061 Zeuxidis
861 1989 993 2063 Helena
1020 1992 1055 2062 in
1079 1994 1248 2090 principio
1270 1994 1348 2068 libri
1375 2000 1422 2069 de

375 2117 574 2187 Inventione
591 2114 733 2187 secundi
749 2116 866 2211 posuit
878 2145 887 2207 ;
900 2113 1004 2187 modo
1023 2115 1198 2212 quoddam
1214 2120 1344 2215 Apellis
1364 2146 1418 2195 re·

373 2241 442 2314 fert
457 2239 588 2313 dictum
606 2239 647 2312 de
665 2240 858 2337 pictoribus
876 2242 937 2338 qui
955 2265 1025 2313 non
1043 2244 1211 2316 sentirent
1225 2245 1307 2342 quid
1326 2261 1419 2319 esset

371 2368 455 2439 satis
480 2368 554 2459 (1);
585 2365 690 2437 modo
715 2364 760 2437 ad
788 2367 942 2438 Atticum
967 2363 1011 2439 de
1032 2369 1198 2465 Pompeio
1223 2371 1412 2445 scribens:

375 2493 452 2563 «Ut
478 2488 638 2588 Apelles,
659 2491 789 2587 iuquit,
813 2492 843 2563 si
862 2494 1031 2564 Venerem
1060 2504 1118 2564 aut
1148 2494 1177 2565 si
1206 2496 1416 2593 Protogenes

369 2617 516 2716 Ialysum
537 2615 635 2689 illum
660 2640 763 2689 suum
782 2639 881 2690 coeuo
901 2614 1050 2688 oblitum
1064 2614 1208 2708 videret,
1231 2641 1417 2716 magnum

367 2740 482 2833 eredo,
512 2742 687 2837 acciperet
705 2739 858 2813 dolorem
880 2769 890 2811 :
911 2741 962 2813 sic
988 2762 1055 2838 ego·
1071 2740 1184 2831 hunc,
1202 2743 1369 2817 omnibus
1394 2768 1415 2815 a

367 2889 423 2937 mc
437 2866 571 2962 pictum
587 2875 623 2936 et
638 2862 783 2961 politum
805 2864 889 2935 artis
909 2863 1095 2957 coloribus,
1108 2865 1224 2938 subito
1239 2866 1415 2941 deforma-

366 3002 454 3079 tum,
475 3012 545 3062 nou
565 2989 640 3061 sine
657 3010 785 3085 magno
806 2986 925 3059 dolore
942 2986 1012 3059 vidi
1031 2989 1097 3080 12).
1116 3020 1129 3055 s

413 3117 506 3199 Iam,
526 3111 641 3203 eredo,
661 3110 832 3184 hahemus
851 3110 1072 3184 confitentem
1094 3135 1205 3204 reum,
1230 3139 1294 3188 neo
1311 3116 1413 3192 nobis

365 3239 466 3313 facile
478 3237 739 3337 persuadebitur
750 3237 951 3309 Ciceronem
965 3236 1059 3310 hunc
1072 3240 1274 3335 Arpinatem
1287 3241 1411 3334 nnec,

364 3367 424 3463 qui
445 3363 520 3437 vult
537 3361 665 3450 videri,
687 3373 858 3460 agrestem
887 3373 923 3433 et
942 3362 1132 3455 rusticum;
1159 3364 1220 3460 qui
1244 3366 1369 3457 Baias,
1390 3390 1412 3438 a

363 3488 482 3563 Clodio
505 3486 574 3560 sibi
597 3486 768 3583 objectas,
794 3499 854 3557 aut
874 3498 979 3583 negat
1004 3499 1066 3559 aut
1081 3487 1278 3562 valetudine
1306 3514 1410 3565 exou-

363 3628 419 3687 sat
441 3615 512 3707 (3);
537 3614 671 3709 quique·
690 3612 964 3684 clarissimorum
983 3612 1154 3688 artificum
1176 3616 1409 3707 nominatum

363 3739 482 3812 didicit
500 3740 651 3837 primum
672 3762 753 3810 cum
775 3739 812 3808 in
830 3740 972 3810 Verrem
989 3738 1193 3836 inquireret3
1213 3742 1295 3816 licet
1315 3746 1409 3820 euim

364 3862 514 3961 quadam
531 3861 717 3935 verborum
735 3873 838 3958 atque
857 3862 1107 3936 sententiarum
1124 3866 1352 3940 ostentatione
1370 3892 1408 3941 se

361 3991 530 4062 rusticum
543 4011 618 4062 esse
635 3989 806 4061 fateatur:
824 3986 917 4085 quod
930 4009 995 4061 uec
1009 3990 1219 4062 manicatam
1237 3991 1405 4081 tunicam,

361 4136 425 4187 nec
439 4114 592 4201 mitram,
612 4136 676 4185 uec
694 4135 886 4210 purpureas
900 4112 1028 4185 fascias
1047 4112 1191 4205 habeon
1205 4126 1407 4196 nontamen

360 4236 488 4310 idcirco
507 4236 658 4333 aequiore
679 4238 797 4309 animo
815 4238 882 4311 fert
906 4236 1063 4311 Clodium
1085 4239 1152 4312 sihi
1168 4238 1281 4311 rideri
1307 4240 1406 4314 festi·

358 4386 461 4453 vum,
490 4361 683 4459 elegantem
706 4374 740 4435 et
770 4362 883 4436 solum
909 4362 1102 4455 urbanum,
1134 4388 1239 4461 quam
1263 4368 1405 4441 Verrem

359 4489 472 4561 solum
491 4509 569 4559 esse
595 4486 656 4582 qui
673 4485 716 4558 de
734 4485 862 4558 tabulis
878 4486 980 4581 pictis
998 4498 1033 4558 et
1052 4484 1095 4559 de
1121 4489 1230 4584 signis
1253 4487 1342 4561 bene
1363 4512 1404 4562 ae

358 4615 530 4690 subtiliter
542 4612 688 4712 judicet.

396 4874 440 4950 (l)
461 4872 565 4948 Orat,
581 4870 678 4946 XXII,
693 4871 744 4932 ¹13.

395 4968 436 5050 (2)
460 4970 509 5031 Ad
521 4971 629 5044 nuta,
644 4968 696 5030 lib.
712 4968 749 5044 ΙΙ,
765 4986 816 5049 ep.
830 4967 910 5044 XXI,
926 4970 957 5031 ⁹2.
1348 5051 1351 5055 .

396 5068 436 5143 (3)
458 5069 580 5146 Fregm.
597 5070 630 5128 io
650 5065 812 5126 Claudium
828 5070 858 5125 et
878 5064 1064 5136 Curionem,
1080 5063 1132 5125 lV.
1152 5060 1228 5124 Vide
1250 5062 1342 5125 etiam
1359 5065 1403 5127 od

355 5168 463 5239 Attia,
477 5162 529 5225 lib.
544 5165 570 5238 l,
584 5181 635 5244 ep.
650 5162 739 5224 XVI:
760 5162 884 5240 «Surgit
901 5160 1074 5249 pulchellus
1087 5179 1163 5243 puer
1171 5179 1182 5239 ;
1197 5160 1297 5238 objicit
1313 5162 1400 5241 mihi,
1419 5219 1424 5242 ,

354 5280 403 5324 me
417 5261 457 5324 ad
468 5261 554 5323 Baias
567 5259 658 5322 luisse
666 5304 679 5330 „
693 5258 814 5322 falsum.
834 5283 850 5326 u
873 5346 877 5352 Ι
1154 5261 1156 5266 “
1297 5258 1300 5263 ’
1371 5259 1374 5263 ’
