3534 7267
453 1714 500 1782 20
840 1738 913 1792 curn
939 1738 980 1783 na
1006 1738 1106 1785 mauis

451 1863 567 1934 ditatis
586 1861 737 1959 ejusdem
755 1875 952 1940 tenerentur
965 1864 1041 1960 (l)?
1054 1898 1066 1930 u
1085 1864 1192 1958 Alias,
1207 1892 1327 1944 rursus
1344 1870 1494 1941 animad-

449 1989 563 2079 vertit,
584 2008 653 2059 non
680 1979 798 2059 tamen
826 1989 904 2060 sine
924 1988 1041 2085 aliquo
1071 1988 1183 2062 laudis
1206 2003 1489 2089 temperamento,

446 2115 483 2185 iu
503 2112 687 2205 eumdem,-
703 2136 853 2208 quocum
877 2113 1027 2210 quadam
1049 2089 1241 2188 studiorum
1260 2129 1294 2188 et
1311 2120 1417 2192 animi
1436 2141 1492 2190 so·

361 2239 362 2242 ’
447 2230 568 2312 cietate
593 2239 788 2328 devinctus,
804 2238 935 2321 eadem
964 2263 1081 2312 amare
1107 2253 1143 2313 et
1162 2240 1276 2314 odisse
1299 2244 1487 2315 consuevit.
1567 2293 1568 2297 η

437 2369 502 2456 dt,
522 2388 602 2435 cum
623 2362 732 2435 multa
747 2386 867 2435 secum
885 2365 1083 2437 communia
1102 2365 1154 2459 (2)
1173 2366 1334 2458 habeant,
1350 2366 1415 2437 hoe
1438 2378 1494 2437 ta·-

443 2511 524 2560 men
540 2498 621 2559 sunt
638 2484 824 2558 dissimiles
842 2485 937 2583 quod
951 2488 1113 2560 Lucullus
1128 2489 1269 2584 quidem
1288 2514 1358 2562 ase
1373 2492 1489 2562 omnia

443 2612 566 2683 Graeca
584 2622 617 2681 et
640 2609 811 2701 Asiatica,
834 2634 1061 2708 quacumque
1082 2613 1229 2708 pulchra
1253 2625 1313 2685 aut
1336 2615 1489 2709 pretiosa

441 2735 534 2825 sunt,
552 2748 586 2806 et
599 2734 706 2806 amari
722 2746 758 2805 et
770 2735 928 2828 conquiri
940 2734 1057 2830 palam
1072 2736 1264 2831 profitetur,
1277 2748 1396 2833 utpote
1411 2740 1483 2832 qui,

439 2859 481 2931 de
502 2883 567 2931 sua
584 2859 721 2931 luxuria
735 2856 820 2954 quid
838 2859 991 2929 sentiant
1007 2860 1135 2948 catari,
1152 2860 1200 2931 nil
1220 2869 1337 2950 curat,
1355 2859 1486 2933 'l'ullius

437 3005 532 3072 vero,
555 2993 596 3053 ut
614 2965 720 3076 supra
736 2978 898 3070 diximus,
914 2981 1008 3051 nain
1027 2982 1258 3077 suspicionem
1278 2963 1399 3054 otiosae
1418 2984 1486 3056 ele-

436 3092 562 3206 gantiae
575 3108 701 3196 veniat,
716 3103 1025 3177 muttumlaborat.
1042 3109 1191 3177 Romam
1206 3106 1298 3177 enim
1311 3130 1480 3197 reversus,

435 3244 619 3329 postquam
647 3230 793 3304 Athenis
821 3252 952 3326 graecas
978 3229 1112 3301 litteras
1139 3252 1277 3302 summa
1305 3229 1484 3327 diligentia

434 3358 612 3449 didicerat,
629 3358 740 3455 primo
756 3354 892 3428 modice
906 3356 992 3426 uixit
1009 3366 1042 3427 et
1059 3354 1259 3428 dubitanter
1275 3354 1321 3431 ad
1332 3355 1480 3428 honores

434 3485 591 3573 accessit,
618 3486 772 3579 «Τραϊκὸς
792 3485 846 3551 καὶ
873 3483 1077 3577 σχολαστικὸς
1099 3484 1212 3550 ἀκούων
1236 3480 1303 3573 (3),
1325 3513 1337 3545 u
1356 3480 1480 3576 quibus

433 3608 719 3708 appellationibus
733 3605 851 3702 probri
865 3605 941 3677 loco
963 3607 1111 3677 Romani
1128 3606 1326 3679 utebantur.
1345 3609 1478 3679 Horum

399 3708 404 3729 ⁷
432 3747 548 3807 autem
566 3734 744 3805 nominum
766 3730 931 3802 invidiam
951 3729 1001 3825 (4)
1021 3741 1061 3801 ut
1083 3754 1104 3801 a
1122 3754 1158 3802 se
1177 3742 1351 3804 amoveret
1369 3755 1479 3827 quan-

431 3868 548 3954 topere
577 3846 759 3944 studuerit,
784 3853 868 3925 satis
895 3876 937 3924 ex
966 3852 1085 3925 multis
1106 3859 1180 3951 ejus
1198 3854 1367 3926 librorum
1390 3854 1476 3926 locis

430 3981 651 4055 manifestum
675 3989 742 4050 est.
777 3979 917 4049 Graecos
940 3976 1045 4064 enim,
1072 3975 1197 4072 quibus
1224 3976 1341 4048 favere
1364 3977 1477 4048 existi·

470 4229 509 4304 ll)
530 4228 578 4287 Dc
591 4224 726 4307 Officiis,
741 4224 793 4286 lib.
807 4225 831 4300 l,
845 4225 895 4285 39.

469 4333 509 4409 (ἓ)
529 4331 671 4393 Academ.
681 4329 733 4391 lib.
745 4330 782 4401 ll,
796 4334 825 4391 l.

465 4431 507 4506 (3)
527 4429 715 4505 Plutarchus,
735 4431 803 4489 Vite
816 4428 926 4492 Cicer..
942 4441 1009 4503 cap.
1028 4444 1056 4483 v.

466 4528 503 4609 (t)
525 4528 602 4590 Vide
611 4526 784 4588 Sallustium
795 4540 928 4606 quocum
941 4523 1048 4583 Noster
1062 4517 1231 4581 inimicitias
1246 4516 1356 4595 gessit:
1378 4538 1392 4572 a
1405 4516 1471 4596 Non

326 4663 332 4674 ·
426 4642 525 4703 graeca
538 4622 691 4700 facundia,
711 4640 811 4702 neque
833 4618 958 4687 urbanis
978 4616 1132 4678 munditiis
1154 4625 1221 4677 sese
1242 4612 1380 4674 exercuit
1401 4614 1473 4690 (Ma-

425 4719 516 4799 rius);
529 4720 570 4782 ita
580 4720 658 4783 iuter
669 4711 853 4782 artesbonas
864 4717 1016 4794 integrum
1031 4712 1184 4792 ingenium
1200 4710 1282 4771 brevi
1292 4709 1434 4772 adolevit.
1450 4733 1466 4769 u

423 4820 587 4895 loquuta,
601 4820 641 4882 63
655 4837 664 4880 :
682 4819 815 4897 «Neque
832 4815 947 4876 litteras
962 4830 1075 4893 graecas
1089 4808 1191 4885 didici,
1209 4825 1317 4888 parum
1333 4807 1470 4887 placebat
1581 4878 1587 4893 ¹

423 4932 476 4978 eas
489 4915 620 4995 discere3
634 4916 747 4998 quippe
760 4932 830 4995 qua
843 4912 881 4974 ad
897 4898 1039 4972 virtutem
1062 4904 1330 4977 doctoribusnihil
1349 4904 1470 4985 prosae·

422 5019 542 5086 runt;at
557 5014 617 5088 illa,
633 5013 730 5075 multo
741 5008 913 5092 reipublicae
928 5006 1055 5084 utiliora,
1068 5005 1176 5066 doctus
1189 5019 1269 5063 sum.
1285 5023 1300 5059 a
1319 5000 1404 5062 ldem
1416 5020 1469 5063 au-

422 5116 488 5172 ctor
500 5109 659 5171 Lucullum
673 5108 823 5171 Ciceronis
836 5106 967 5168 anticum
982 5101 1110 5165 fortasse
1126 5097 1280 5179 respexit:
1293 5100 1463 5177 repertun,

421 5210 471 5270 85.
498 5207 621 5288 «Atque
634 5223 693 5285 ego
712 5206 787 5280 scio,
813 5202 955 5278 Quirites,
977 5200 1029 5281 qui
1051 5204 1215 5280 postquam
1236 5195 1377 5272 consules
1395 5194 1464 5257 laeti

420 5314 490 5369 sunt
509 5312 576 5367 acta
593 5304 743 5383 majorum
772 5309 804 5364 et
829 5303 1003 5363 Graecorum
1029 5295 1166 5357 militaria
1194 5298 1342 5374 praecepta
1364 5292 1464 5371 legere

419 5407 575 5486 coeperint,
591 5401 728 5464 homines
738 5397 951 5482 praeposteri.»
969 5394 1035 5456 Vid.
1053 5393 1145 5455 Cicer.
1163 5392 1201 5452 de
1216 5390 1354 5466 Lucullo,
1366 5392 1460 5451 Acerd.

421 5507 456 5578 ll,
479 5524 547 5585 cap.
562 5524 583 5561 ι.
661 5549 665 5567 .
