3534 7267
430 1611 480 1679 24
819 1616 962 1687 ouro‘ns
990 1632 1093 1679 sienis

428 1778 565 1850 quoque
583 1753 687 1827 modo
705 1755 818 1830 visum
836 1754 953 1841 fuerit,
972 1755 1128 1827 hausisse
1149 1757 1160 1841 (
1169 1757 1214 1848 1).
1237 1756 1362 1830 Nescio
1378 1754 1475 1850 equi-

428 1876 509 1949 dem
538 1887 738 1974 «quantum
756 1900 893 1973 quoque
911 1878 1015 1949 modo
1037 1908 1049 1941 r
1069 1879 1259 1949 Panaetium
1276 1879 1475 1974 interprete·

428 2012 497 2091 tur,
512 1999 579 2072 hoc
593 2002 787 2099 prasertim
798 2001 834 2071 in
847 2001 923 2072 loco
937 1996 991 2073 sui
1005 2002 1118 2097 operis
1132 2002 1192 2074 uhi
1206 2002 1280 2074 haec
1292 2002 1472 2098 leguntur:
1567 1994 1569 1998 ’

433 2154 446 2187 α
464 2128 543 2198 Jam
559 2123 602 2197 de
617 2124 772 2196 artificiis
792 2136 827 2195 et
843 2123 1047 2220 quastibus,
1062 2126 1122 2221 qui
1137 2123 1294 2198 liberales
1309 2124 1473 2213 habendi,

429 2249 487 2344 qui
516 2247 645 2321 sordidi
671 2249 757 2335 sint,
784 2248 859 2319 haec
886 2247 958 2320 fere
984 2250 1182 2344 accepimus
1206 2250 1305 2342 (2).»
1338 2250 1475 2321 Scimus

427 2374 520 2444 enim
537 2371 729 2444 artificibus
745 2370 800 2443 vol
814 2370 1010 2466 opificibus,
1027 2395 1109 2442 cum
1127 2373 1183 2443 isti
1201 2396 1222 2444 a
1238 2373 1362 2443 Stoicis
1377 2395 1475 2442 ersu-

426 2494 490 2586 les,
505 2497 594 2567 servi
609 2506 643 2566 et
656 2496 769 2567 insani
786 2494 1038 2600 appellarentur
1055 2496 1119 2588 (3),
1130 2518 1204 2568 esse
1218 2495 1475 2591 patrocinatum

427 2622 645 2710 Ciceronem,
671 2630 789 2715 utpote
814 2620 873 2714 qui
899 2616 1090 2716 Zeuxidis,
1106 2605 1238 2690 Phidia
1255 2629 1289 2691 et
1310 2618 1475 2716 Polycleti

425 2768 589 2842 magnam
614 2744 787 2816 solertiam
811 2742 1020 2833 laudaverit,
1040 2767 1149 2839 neque
1167 2746 1226 2834 iis,
1250 2744 1344 2839 quod
1366 2744 1474 2816 lacie-

425 2874 511 2947 bant
538 2875 663 2962 Stoici,
685 2874 866 2944 scientiam
888 2871 1131 2968 abnegaverit,
1158 2869 1315 2944 sedeam
1339 2883 1474 2945 tantum

326 3090 329 3096 .
426 3023 505 3096 quae
520 3022 690 3095 nusquam
705 3010 756 3069 est
772 3000 837 3091 (4).
855 3000 914 3089 At,
934 2999 969 3069 in
986 2997 1054 3068 hoc
1071 2997 1116 3068 de
1131 2998 1272 3092 Officiis
1286 2997 1388 3089 libro,
1403 3022 1474 3070 non

422 3129 498 3220 jam
521 3119 685 3192 adversus
701 3121 874 3191 Zenonem
897 3143 1040 3192 causam
1059 3130 1175 3192 tuetur
1189 3120 1366 3217 opificum,
1386 3146 1476 3218 quos

427 3258 549 3319 contra
566 3246 615 3317 ait
637 3268 759 3317 omnes
778 3245 813 3315 in
838 3242 975 3316 sordida
999 3257 1071 3317 arte
1089 3247 1241 3338 versari;
1269 3272 1360 3320 «nec
1380 3250 1475 3325 enim

427 3370 616 3467 quidquam
643 3370 832 3466 ingenuum
863 3379 980 3464 potest
1006 3369 1133 3474 hahere
1162 3370 1317 3443 officina.
1337 3403 1350 3437 o
1385 3375 1473 3461 Quin

426 3495 515 3566 inter
536 3481 681 3589 'opilices
708 3493 786 3564 illos
816 3492 992 3567 adscribat
1013 3497 1163 3592 pictores
1193 3507 1296 3592 atque
1326 3498 1474 3570 artifices

427 3623 619 3719 signorum,
642 3621 777 3692 etiamsi
799 3643 904 3715 supra
924 3620 1046 3692 dixerit
1066 3621 1247 3695 illiberales
1266 3634 1300 3695 et
1318 3622 1476 3695 sordidos

427 3756 581 3840 quaestus
603 3767 676 3815 esse
693 3746 988 3816 mercenariorum
1003 3747 1158 3818 omnium
1173 3771 1322 3843 quorum
1341 3772 1468 3844 operm,

427 3892 496 3940 non
518 3892 665 3965 quorum
697 3879 786 3939 artes
808 3882 1015 3960 emerentur,
1040 3893 1110 3941 non
1131 3868 1358 3945 dubitandum
1381 3871 1473 3944 arbi-

427 4004 513 4063 tror.
532 3993 623 4066 Nam
648 4011 726 4063 cum
746 4005 838 4063 artes
857 3991 934 4063 illas
955 3994 1117 4088 excipiat,
1144 3993 1284 4089 quibus,
1306 4005 1345 4068 ut
1364 3994 1475 4067 medi·

428 4117 514 4187 cinea
534 4127 569 4188 et
589 4116 841 4200 architectura,
868 4107 959 4185 inest
981 4125 1040 4187 aut
1062 4122 1171 4213 major
1189 4116 1389 4213 prudentia,
1413 4131 1472 4189 aut

304 4258 309 4270 ·
427 4263 497 4311 non
511 4238 694 4312 mediocris
712 4240 855 4330 utilitas,
876 4264 940 4310 cur
955 4239 1077 4339 iisdem
1096 4243 1269 4336 picturam
1287 4253 1388 4339 otque
1407 4255 1479 4314 sta·

426 4368 575 4438 tuariam
596 4377 706 4438 artem
724 4390 793 4437 non
816 4364 1041 4456 annumeret,
1058 4366 1187 4438 nullam
1206 4373 1372 4463 majorem
1391 4392 1473 4440 cau·

426 4514 502 4562 sam
522 4492 677 4585 reperio,
706 4514 811 4586 quem
830 4513 872 4560 ne
898 4490 1082 4561 aPanaetii
1114 4489 1268 4562 doctrina
1296 4490 1474 4563 discedere

423 4612 591 4687 videatur.
842 4606 846 4613 ’

475 4743 589 4828 Quare
609 4753 724 4812 autem
742 4740 792 4812 illi
813 4752 886 4813 tam
912 4751 1007 4813 arcte
1024 4753 1163 4837 tamque
1182 4741 1327 4813 lideliter
1342 4741 1473 4812 haereat

421 4870 494 4960 jam
519 4876 620 4935 antea
640 4863 968 4937 animadvertimus:
989 4864 1146 4938 videlicet
1162 4889 1232 4937 non
1246 4863 1319 4937 vult
1337 4865 1470 4938 Tullius

466 5097 504 5175 (l)
527 5098 573 5156 De
587 5095 715 5174 Officiis,
730 5094 784 5157 lib.
795 5097 819 5170 l,
832 5098 862 5156 ἢ.

464 5196 506 5273 (2)
526 5195 621 5268 leid,
632 5195 682 5254 la.

465 5292 506 5367 (3)
529 5292 747 5365 Acndem.‚lib.
762 5293 857 5368 ll,l'l.

465 5393 503 5464 ll)
528 5391 602 5451 lbr‘d.
