3534 7267
647 1661 800 1707 sensnum
834 1664 868 1707 n.
900 1660 1052 1707 rutatos.
1352 1637 1373 1702 9

314 1793 458 1865 'Fictilis
486 1816 580 1891 ergo,
603 1802 637 1862 et
660 1790 737 1862 ideo
756 1793 894 1863 miniari
915 1790 1055 1876 solitus,
1075 1798 1148 1860 erat
1169 1789 1302 1884 Jupiter
1317 1784 1373 1858 illc

328 1940 431 2011 quem
446 1917 651 2013 Tarquinius
667 1917 803 2010 priscus
817 1917 852 1986 in
869 1915 1036 2010 Capitolio
1052 1912 1237 1983 dicandum
1252 1910 1373 1982 artifici

326 2065 347 2111 a
373 2039 537 2138 Fregellis
567 2038 698 2111 adscito
723 2038 868 2129 locarit;
902 2037 1018 2110 fictilis
1042 2050 1077 2108 et
1103 2036 1287 2125 Hercules,
1314 2036 1373 2131 qui

326 2164 467 2259 quidem
480 2163 539 2235 diu
551 2165 705 2236 materiae
717 2187 845 2235 nomen
859 2164 896 2233 in
908 2162 993 2235 urbe
1008 2162 1161 2233 retinnit.
1177 2164 1222 2232 At
1233 2159 1372 2257 regibus

325 2290 468 2378 exactis,
493 2312 569 2360 mos
592 2288 731 2361 tandem
753 2287 963 2360 invalescere
983 2288 1085 2382 coepit
1103 2298 1154 2374 ut,
1175 2286 1233 2381 qui
1256 2284 1299 2355 de
1317 2308 1372 2356 re-

324 2412 470 2507 publica
484 2422 600 2484 essent
616 2411 705 2484 bene
722 2413 857 2500 meriti,
879 2413 923 2482 iis
944 2412 1043 2507 signa
1059 2433 1102 2483 ex
1119 2434 1186 2483 aere
1207 2410 1372 2506 facta—es-

326 2545 413 2606 sent.
444 2535 566 2623 Qualia
587 2534 692 2605 fuisse
715 2545 931 2629 compertum
950 2544 1002 2606 est
1024 2534 1158 2605 Horatii
1178 2532 1316 2605 Coclitis
1338 2546 1372 2606 et

326 2660 439 2733 Cleliae
459 2660 646 2731 simulacra
666 2661 677 2750 (
684 2664 736 2750 1);
758 2661 817 2755 qui
835 2660 945 2731 honos
967 2658 1053 2730 adeo
1074 2658 1139 2729 fuit
1159 2670 1280 2754 postea
1294 2681 1372 2755 per-

323 2784 496 2881 vulgatus,
520 2795 570 2873 ut,
597 2784 645 2855 M.
664 2783 810 2855 AEmilio
832 2787 870 2856 C.
898 2783 1029 2880 Popilio
1059 2785 1086 2853 ll
1111 2806 1217 2873 coss,
1241 2807 1261 2854 a
1285 2786 1371 2854 Cen·
1444 2791 1446 2796 '

325 2909 462 2982 soribus
485 2913 523 2980 P.
542 2909 699 2980 Cornelio
714 2909 885 3003 Scipione,
905 2909 954 2980 M.
966 2907 1110 3004 Popilio,
1126 2918 1260 2996 statum,
1278 2908 1371 2980 circa
1472 2971 1477 2980 .

325 3035 459 3121 lorum,
491 3056 611 3104 eorum
634 3034 695 3127 qui
727 3034 968 3129 magistratum
1000 3042 1198 3129 gesserant,
1224 3031 1370 3102 sublatae

324 3158 453 3228 fuerint
469 3179 601 3244 omnes,
616 3135 741 3252 praetcr
756 3180 814 3228 eas
833 3180 911 3250 quae
929 3155 1049 3252 populi
1067 3165 1127 3227 aut
1139 3166 1278 3226 senatus
1293 3180 1369 3227 sen-

324 3283 432 3354 tentia
446 3294 584 3353 statutae
599 3293 714 3353 essent
724 3283 789 3374 (2).
802 3284 989 3377 Equestres
999 3280 1138 3376 quidem
1150 3292 1275 3351 statuae
1287 3292 1368 3351 tunc

324 3406 509 3477 admodum
538 3407 756 3503 paucissima
785 3417 905 3492 erant;
932 3428 1135 3477 marmorea
1164 3429 1262 3496 vero,
1301 3405 1367 3475 nisi

323 3531 571 3603 recentioribus
591 3531 763 3615 aetatibus
784 3530 924 3601 luerunt
941 3528 1057 3600 nullae.
1078 3529 1246 3625 lmagines
1265 3530 1368 3599 etiam

324 3664 493 3752 majorum
510 3658 607 3730 fuere
626 3660 663 3728 in
680 3658 774 3728 atriis
793 3631 957 3752 adpositae
978 3686 985 3728 :
1008 3656 1049 3729 de
1068 3657 1192 3752 quihus
1211 3656 1364 3728 Plinius:

330 3784 526 3878 «Expressi
550 3806 629 3853 cera
653 3774 936 3878 vultus'singulis
963 3780 1236 3877 disponebantur
1260 3804 1370 3853 arma·

324 3908 402 3996 riis,
424 3918 463 3979 ut
488 3918 604 3979 essent
631 3907 800 4002 imagines
827 3930 904 4001 quae
930 3908 1177 3979 comitarentur
1200 3907 1369 4004 gentilitia

325 4036 446 4107 lunera
475 4034 574 4126 (3).»

372 4158 510 4230 Pictura
536 4159 614 4255 ipsa
637 4182 773 4254 quoque
797 4158 889 4255 apud
917 4163 1093 4231 Romanos
1120 4141 1187 4231 nod
1213 4182 1289 4230 sero
1314 4183 1368 4229 re-

324 4296 424 4380 cepta
442 4299 514 4377 est3
532 4287 701 4383 siquidem
721 4312 790 4359 non
810 4288 921 4359 solum
941 4289 1139 4384 Damophili
1154 4300 1189 4360 et
1206 4287 1364 4383 Gorgasi,

254 4418 256 4420 ’
324 4434 514 4504 gracorum
535 4412 726 4499 artificum,
753 4415 886 4484 Cereris
908 4414 1075 4509 templum
1099 4412 1211 4484 denuo
1233 4423 1367 4484 exstru-

364 4734 404 4809 (l)
425 4732 497 4794 Aul.
511 4732 602 4799 oell„
615 4733 665 4793 lib.
678 4734 730 4805 IV,
744 4735 774 4793 5.
787 4734 923 4807 TitLiu,
937 4734 991 4795 lib.
1004 4736 1042 4810 II,
1056 4738 1085 4796 5.

314 4823 316 4828 ’
363 4830 405 4904 (2)
427 4828 523 4905 Pline‚
536 4832 667 4908 XXXlV,
686 4835 735 4892 lt.

363 4926 405 5007 (3)
429 4928 525 5003 Pline‚
538 4930 657 5004 XXXV,
672 4931 702 4989 ἢ.
717 4965 755 4974 m
771 4951 786 4986 ι(
799 4932 842 4990 On
858 4949 874 4988 a
888 4948 941 4990 cru
957 4929 1028 5009 qu'il
1046 4930 1117 4990 e'tait
1131 4929 1268 5009 question
1285 4930 1322 4991 de
1339 4930 1367 4991 la

323 5030 420 5084 statue
432 5024 470 5085 de
483 5027 593 5086 Brutus
606 5026 681 5087 dans
694 5025 722 5087 la
734 5029 778 5088 IIe
791 5029 985 5105 Philippique
999 5026 1038 5087 dc
1049 5027 1216 5108 Ciceron,§
1236 5029 1272 5103 ἳς
1293 5030 1367 5089 mais

324 5121 399 5181 dans
416 5128 464 5181 cet
477 5122 608 5195 endroit,
624 5121 765 5184 l'orateur
778 5124 894 5185 romain
907 5141 945 5184 ne
959 5122 1013 5184 leit
1027 5124 1154 5185 allusion
1169 5126 1279 5205 qu'aux
1290 5124 1366 5185 ima-

324 5237 377 5296 ges
395 5218 433 5279 de
452 5221 561 5307 Brutus
582 5220 745 5281 executeos
761 5239 798 5282 en
814 5221 873 5281 cire
889 5227 919 5281 et
943 5224 1122 5284 conservens
1141 5222 1216 5283 dans
1234 5222 1277 5283 les
1297 5222 1370 5283 mai-

324 5334 395 5377 sons
407 5315 460 5377 dcs
471 5316 613 5377 Romains
623 5317 675 5395 qui
689 5318 898 5396 pretenderunt
912 5322 975 5380 dtre
990 5321 1065 5380 issus
1080 5320 1117 5379 de
1132 5340 1163 5380 sa
1177 5338 1256 5381 racc.
1272 5342 1287 5377 »
1306 5320 1368 5381 Vis·

324 5414 415 5487 conti,
433 5415 564 5493 leonopr.
576 5434 663 5488 mm,
682 5434 711 5492 p.
726 5417 774 5476 23.
