3534 7267
392 3241 478 3308 Cum
492 3244 566 3334 jam
588 3236 727 3333 plurimi
748 3238 876 3307 luerint
896 3238 955 3331 qui
974 3234 1017 3308 de
1036 3237 1141 3307 Marci
1164 3236 1262 3309 Tullii
1285 3235 1383 3309 laude
1472 3280 1475 3289 ·

331 3357 492 3453 ‚oratoria
508 3361 619 3433 multa
636 3339 861 3456 seripserunt,
873 3384 935 3431 uec
952 3360 1121 3433 defuerint
1135 3364 1194 3457 qui
1208 3361 1380 3446 eumdem,

343 3498 382 3557 ut
403 3484 646 3581 philosophum
676 3484 814 3556 doctum
837 3495 871 3556 et
893 3484 1095 3575 amabilem,
1118 3486 1168 3557 ita
1187 3497 1220 3556 et
1244 3499 1383 3583 poetam

341 3634 410 3680 non
433 3606 717 3680 contemnendum
736 3610 784 3701 (1)
805 3609 977 3679 exstitisse
1002 3608 1300 3702 demonstrarunt,
1326 3636 1385 3682 nu-

342 3734 414 3824 bis,
433 3731 524 3829 quud
545 3731 658 3803 adhue
685 3733 857 3829 integrum
878 3746 1074 3828 supererat,
1095 3736 1310 3831 propositum
1333 3735 1385 3807 est
1468 3722 1471 3728 ’

343 3862 382 3929 in
399 3858 451 3927 vir
467 3856 543 3946 ille,
564 3866 689 3927 natura
708 3856 865 3953 egregius
892 3868 925 3927 et
951 3858 1044 3928 omni
1065 3859 1266 3930 Graeeurum
1282 3855 1387 3929 disci-

343 3982 437 4079 plina
457 3980 624 4069 exeultus,
647 4005 714 4076 qno
732 4004 848 4067 sensu,
871 3980 964 4076 quali
984 3983 1099 4052 animo
1120 3983 1156 4053 in
1173 3980 1387 4053 aestimandis

343 4108 426 4179 artis
445 4105 608 4201 operibus
623 4105 776 4203 Judieem
795 4106 915 4201 egerit,
934 4103 1114 4203 diligenter
1129 4109 1383 4204 perquiramus.

393 4226 492 4317 Quod
516 4230 630 4323 enim,
656 4228 685 4299 si
710 4227 752 4299 de
773 4252 886 4325 graeeo
906 4228 1046 4301 humine
1073 4242 1243 4328 ageretur,
1268 4243 1384 4304 utrum
1489 4293 1492 4299 .

345 4347 414 4425 aera
440 4352 605 4451 Polycleti
626 4352 853 4449 Zeuxidisque
871 4352 1015 4426 tabulas
1047 4367 1139 4428 reete
1165 4354 1383 4447 intellexerit,

345 4503 389 4551 an
416 4479 556 4550 omnino
577 4479 762 4576 ignorarit,
786 4478 880 4550 nulla
907 4478 1135 4576 disputatione
1155 4492 1286 4577 egeret,
1306 4455 1386 4552 eum
1473 4550 1474 4554 ,

344 4628 481 4691 omnes,
498 4602 552 4674 vel
567 4604 640 4674 sine
653 4602 789 4692 litteris,
811 4602 980 4693 homines,
1000 4626 1041 4674 ea
1059 4602 1170 4674 studia
1187 4602 1278 4699 apud
1290 4605 1386 4675 Grae-

386 4864 426 4940 (l)
442 4860 605 4935 Plutarch„
629 4862 687 4919 Vt't.
711 4861 817 4934 Cicer„
838 4879 906 4939 cap.
923 4880 948 4919 11
966 4880 973 4917 t
996 4884 1010 4919 u
1023 4859 1132 4928 Ἔδοξεν
1146 4863 1174 4918 οὐ
1190 4861 1267 4931 μόνον
1291 4862 1389 4945 ῥήτωρ,

346 4960 413 5017 ἀλλὰ
426 4960 471 5017 καὶ
483 4957 594 5029 ποιητὴς
607 4957 712 5036 ἄριστος
725 4946 792 5014 εἶναι
806 4957 961 5033 Ῥωμαίων.
976 4981 991 5015 ))
1008 4988 1049 5003 -
1065 4979 1079 5015 u
1094 4960 1134 5018 La
1148 4960 1269 5038 plllparl
1284 4959 1322 5020 de
1341 4979 1389 5021 ses

346 5054 465 5137 poesles
485 5064 553 5116 sont
573 5053 721 5134 perdues3
742 5052 818 5113 mais
840 5054 932 5114 celles
953 5054 1006 5133 qui
1023 5073 1100 5116 nous
1120 5061 1234 5117 restent
1253 5056 1391 5119 sulfisent

347 5171 424 5234 pour
437 5169 514 5215 nous
527 5149 694 5231 persuader
707 5168 767 5229 que
793 5168 848 5213 son
868 5150 955 5228 genie
970 5152 1111 5231 poetique
1125 5152 1223 5213 airrait
1242 5153 1327 5231 e'gale
1341 5174 1390 5217 ses

346 5251 454 5312 talents
474 5266 552 5329 pour
573 5247 785 5326 l'eloquenee,
811 5247 858 5307 s'il
881 5250 933 5309 eut
956 5249 1005 5309 ete
1024 5250 1133 5311 cultive
1154 5251 1269 5311 avee'le
1290 5252 1389 5312 mame

347 5348 423 5409 sein.
437 5370 452 5405 »
473 5347 515 5408 M.
529 5344 606 5405 Viet.
622 5346 663 5405 Le
682 5345 787 5406 Clare:
808 5346 858 5404 Vie
871 5347 972 5422 priate
993 5354 1022 5407 et
1038 5349 1185 5408 titttraire
1203 5349 1240 5408 de
1255 5349 1388 5425 Ctre'ron,

348 5443 381 5506 ⁶2⁶
399 5444 563 5525 supplem,
578 5462 605 5521 p.
622 5445 691 5502 ata.
