3534 7267
694 1726 844 1775 sensuum
869 1730 905 1775 11.
935 1728 1085 1775 retusus.
1363 1699 1410 1777 bb
1448 1785 1449 1788 Ἴ

296 1880 299 1889 “
370 1851 493 1944 credo,
516 1877 559 1925 ex
577 1853 643 1924 hac
669 1852 837 1926 sententie
856 1877 961 1950 quam
981 1854 1026 1927 ab
1047 1854 1243 1951 eloquentia
1263 1855 1344 1927 licet
1365 1856 1410 1928 ad

369 1979 537 2074 picturam
556 1973 744 2050 transferas
770 2009 777 2048 ι
810 1978 823 2041 e
848 1977 916 2050 Sed
938 1978 1065 2051 habeat
1088 1973 1409 2053 1111111111111111

368 2101 476 2174 cendo
497 2099 679 2174 admiratio
705 2108 745 2174 ac'
764 2103 901 2175 summa
919 2103 995 2176 laus
1018 2089 1189 2177 umbram·
1206 2105 1357 2203 aliquam
1375 2118 1411 2179 et

367 2250 556 2319 recessum,
571 2252 640 2324 quo
652 2229 763 2325 magis
773 2226 819 2318 id,
832 2227 926 2323 quod
936 2230 1000 2301 erit
1013 2228 1257 2322 illuminatum,
1274 2239 1408 2304 exstare

346 2364 471 2447 'atque
491 2354 641 2425 eminere
654 2350 812 2432 videatur
827 2351 895 2446 (l).
922 2383 934 2415 t
1060 2397 1062 2400 -
1392 2364 1396 2370 ’

416 2469 609 2563 Quemnam
634 2474 787 2547 auteme
810 2474 1011 2548 clarissimis
1034 2476 1225 2572 pictoribus
1248 2480 1407 2575 inprimis

367 2593 534 2670 amaverit
561 2598 692 2671 Tullius
709 2599 810 2671 nobis
828 2598 951 2696 parum
976 2601 1096 2697 liquet.
1121 2603 1211 2675 Nam
1231 2603 1361 2699 Apellis
1375 2618 1409 2677 et

367 2721 582 2819 Protogenis,
602 2744 751 2817 quorum
768 2745 878 2816 opera
894 2720 993 2816 plane
1010 2722 1167 2818 perfecta
1180 2726 1256 2795 'esse
1276 2729 1403 2815 censet,

366 2841 506 2917 nomina
519 2847 731 2939 consociare,
744 2857 783 2918 ut
792 2846 1010 2943 plerumque,
1024 2846 1123 2918 solet.
1140 2847 1206 2920 Ubi
1216 2850 1305 2921 enim
1316 2828 1408 2945 apud

366 2992 446 3042 eum
459 2972 589 3043 mentio
603 2970 643 3042 fit
655 2972 799 3042 Veneris
814 2973 908 3061 Coae,
924 2971 994 3042 huc
1011 2973 1129 3043 statim
1145 2972 1239 3046 subit
1259 2973 1404 3072 Ialysus,

364 3117 434 3190 quo
451 3095 489 3165 in
509 3117 635 3190 genere
653 3093 740 3166 nihil
757 3117 798 3165 eo
816 3093 993 3190 pulchrius
1009 3118 1045 3166 se
1064 3094 1192 3168 vidisse
1209 3098 1269 3169 aitss
1288 3100 1407 3194 Neque

363 3216 445 3291 uero
473 3219 614 3291 mirum·
633 3228 686 3289 est
712 3220 743 3290 ei
769 3220 999 3315 Protogenem
1023 3221 1072 3291 ita
1091 3220 1312 3294 vehementer
1335 3214 1407 3319 plass

364 3344 490 3416 cuisse.
510 3345 601 3417 Nam
622 3344 682 3439 qui
699 3341 823 3413 artium
840 3342 983 3414 fortuita
1004 3343 1173 3415 miracula
1186 3346 1404 3418 narrantibus

363 3491 482 3540 aurem
512 3479 584 3539 tam
605 3466 753 3540 libenter
772 3464 990 3557 admovebat,
1017 3468 1113 3570 etin
1137 3467 1299 3540 omnibus
1317 3493 1406 3541 mar-

360 3593 518 3666 moribus
534 3594 647 3665 inesse
665 3591 831 3666 credebat¹
848 3593 904 3664 vel
926 3595 1041 3689 capita
1054 3594 1257 3685 Praxitelia,
1285 3595 1321 3667 is
1333 3604 1405 3666 me-

363 3720 429 3791 rito
447 3717 562 3789 hercle
582 3716 772 3790 admiratus
795 3729 848 3789 est
858 3718 902 3788 111
918 3716 1029 3816 lalyso
1046 3716 1141 3790 hunc
1156 3741 1278 3790 canem
1298 3741 1403 3815 quem

255 3912 259 3917 .
361 3844 503 3940 pariter,
527 3854 567 3915 ut
589 3844 636 3915 ait
652 3842 792 3933 Plinius,
812 3842 919 3914 casus¹
939 3854 973 3913 et
990 3865 1048 3914 ars
1061 3844 1256 3939 pinxerant.
1282 3873 1294 3907 l
1316 3846 1405 3916 Cum·

364 3970 456 4041 enim
473 3970 509 4039 in
531 3992 572 4041 eo
587 3970 780 4068 exprimere
801 3975 962 4066 spumam
985 3966 1179 4040 anhelantis
1194 3968 1316 4039 artifex
1334 3962 1407 4040 non

362 4102 492 4188 posset,
520 4092 627 4163 iratus
649 4092 740 4182 arti,
763 4091 945 4187 spongiam
963 4091 1107 4188 impegit
1124 4091 1234 4161 inviso
1254 4090 1333 4162 loco
1353 4091 1403 4162 ta·

360 4214 467 4306 bulae,
485 4226 520 4287 et
540 4214 598 4287 illa
611 4215 764 4312 reposuit
782 4213 916 4286 ablatos
933 4211 1062 4285 colores
1077 4214 1224 4311 qualiter
1243 4238 1327 4286 cura
1339 4238 1402 4311 op·

360 4337 473 4430 tabat,
499 4338 652 4434 fecitque
669 4339 706 4409 in
722 4338 857 4435 pictura
870 4337 1187 4410 fortunanaturam*
1201 4337 1274 4435 (2).'‹
1295 4370 1308 4403 tt
1396 4376 1398 4380 -

399 4458 604 4559 ⁴Utcumque
630 4463 785 4560 Ialysum·
799 4486 842 4535 ex
867 4462 992 4541 ceteris
1017 4464 1217 4559 Protogenis
1237 4461 1408 4558 operibus

360 4611 464 4687 quem
482 4587 639 4661 laudaret
656 4595 740 4685 jure
757 4587 858 4686 elegit
880 4586 1024 4659 Tullius.
1046 4588 1130 4658 11111
1150 4588 1250 4659 enim'
1265 4568 1399 4658 tabula·

358 4736 444 4785 rum¹
462 4719 542 4810 eJ'us'
557 4706 718 4808 palmam⁴
738 4710 830 4808 apud
858 4711 978 4783 omnes
1008 4709 1111 4782 facile
1136 4709 1327 4809 obtinebat.
1354 4713 1403 4781 tlt>

359 4839 526 4908 Venerem
541 4838 660 4927 Coam‘,
679 4858 785 4932 quam
805 4833 1068 4931 pulchritudinis
1088 4834 1294 4930 exemplum
1306 4845 1397 4932 saepe

358 4959 485 5051 affert,
502 4982 572 5030 non
581 4960 721 5056 optimis
735 4958 864 5056 Apellis
880 4940 1043 5055 operibus
1057 4959 1235 5055 peritiores
1245 4960 1329 5032 artis
1340 4984 1397 5032 an·
1499 5064 1503 5068 4
1602 4988 1604 4994 ’

357 5083 878 5192 numerabant:Plinius’enim,
901 5095 1087 5181 postquam
1108 5082 1258 5157 breviter
1277 5084 1319 5156 de
1338 5085 1398 5156 illa

395 5388 448 5464 (ils
459 5387 657 5457 oezoratore,
671 5384 724 5445 lib.
736 5384 787 5459 lll,
799 5385 848 5445 16.

398 5487 439 5563 (2)
461 5485 585 5559 XXXV,
601 5485 651 5558 36,
665 5485 714 5544 20.
