3534 7267
426 1677 470 1744 tlt
811 1663 887 1748 auro
914 1696 952 1740 nn
980 1696 1084 1742 sionis

425 1827 496 1895 cari
517 1823 596 1894 lieet
613 1822 778 1912 Paulum,
796 1801 1087 1896 humanissimum
1107 1822 1234 1912 virum,
1258 1822 1301 1893 ad
1327 1821 1470 1893 meliora

424 1970 526 2043 opem
545 1945 726 2018 Metrodori
742 1944 954 2017 adhibuisse.

474 2074 574 2145 Nunc
597 2095 733 2159 omnes,
761 2083 800 2145 ut
824 2071 958 2165 opinor,
985 2057 1154 2141 habemus
1173 2077 1246 2166 jam
1269 2082 1370 2142 notos
1396 2073 1471 2165 per·

426 2212 631 2295 spectasque
658 2198 816 2269 homines
838 2200 898 2293 qui
924 2197 1087 2293 praeoipui
1106 2195 1280 2269 veteribus
1305 2199 1471 2268 Romanis

425 2346 556 2420 graeoas
567 2335 661 2395 artes
672 2321 871 2394 intulerunt.
895 2325 973 2395 Non
989 2334 1119 2410 tamen,
1132 2332 1170 2392 ut
1186 2320 1342 2394 Metellus
1360 2324 1472 2396 Maee-

426 2444 589 2536 donious,
617 2452 714 2542 cujus
743 2451 885 2516 munere
916 2441 1045 2540 equites
1079 2469 1100 2515 a
1127 2445 1278 2541 Lysippo
1304 2445 1472 2540 exsculpti

427 2573 547 2641 Romae
570 2567 783 2659 visebantur,
804 2566 904 2639 nobis
926 2567 1060 2639 silentio
1084 2567 1401 2664 praetermittendus
1419 2582 1473 2641 est

428 2694 535 2785 Sulla,
548 2692 709 2790 adquam
723 2692 875 2787 primum
891 2689 981 2787 apud
999 2715 1080 2762 suos
1098 2693 1190 2764 eires
1205 2692 1349 2765 luxuriae
1362 2718 1474 2767 exem-

425 2819 521 2915 plum
535 2817 640 2890 refert
653 2814 848 2895 Sallustius,
871 2813 964 2911 quod
983 2845 995 2878 r
1013 2817 1200 2887 exercitum
1217 2841 1321 2912 quem
1340 2819 1376 2889 in
1390 2820 1474 2890 Asia

427 2923 637 3037 duotavisset
662 2940 835 3012 luxuriose
862 2942 1036 3035 nimisque
1060 2939 1246 3013 liberaliter
1278 2942 1470 3017 habuisset.

428 3064 478 3137 lbi
491 3063 582 3138 enim
598 3063 751 3158 primum
770 3062 960 3136 insuevisse
979 3063 1167 3135 exereitum
1180 3066 1303 3160 populi
1325 3069 1473 3139 Romani

427 3210 544 3259 amare
556 3196 699 3283 potare,
720 3186 837 3283 signa,
859 3183 997 3259 tabulas
1018 3187 1151 3281 pictas,
1170 3210 1254 3259 rasa
1269 3189 1390 3262 oaelata
1408 3192 1473 3263 mi-

427 3313 496 3384 rari
509 3312 598 3406 (1).»
615 3310 746 3383 Viderit
759 3311 845 3382 alius
856 3323 934 3384 uter
947 3312 1075 3391 rectius
1089 3316 1279 3386 censuerit:
1297 3318 1470 3403 Liviusne,

427 3437 486 3531 qui
516 3434 735 3526 Marcellum,
757 3458 802 3506 an
826 3433 1029 3527 Sallustius,
1056 3438 1115 3531 qui
1143 3436 1278 3512 Sullam
1305 3438 1471 3531 licentiae,

428 3583 506 3658 quta
521 3558 644 3633 deinde
663 3571 781 3633 seauta
798 3570 862 3649 est,
882 3570 1062 3630 auctorem
1079 3559 1188 3633 fuisse
1202 3561 1393 3654 existimat3
1410 3586 1474 3633 nos

428 3684 514 3758 illud
533 3695 667 3756 tantum
689 3709 752 3780 pro
778 3694 871 3754 certo
905 3706 1096 3779 ponamus,
1124 3686 1300 3758 Romanos
1324 3686 1472 3778 scilicet,

428 3809 510 3879 viris
533 3805 746 3903 principibus
765 3807 914 3878 ciuitatis
933 3829 1038 3903 prope
1061 3810 1195 3881 cunctis
1219 3810 1471 3906 adjuvantibus,

430 3935 504 4005 haeo
527 3933 619 4003 Asiae
637 3932 848 4026 Graeoiaeque
867 3942 1070 4002 ornamenta
1091 3931 1231 4004 tandem
1252 3933 1471 4024 intellexisse,

430 4069 465 4130 et
480 4056 584 4155 paulo
601 4055 789 4128 studiosius
804 4056 988 4145 amavisse,
1006 4079 1085 4147 quae
1102 4054 1245 4149 dudum,
1260 4072 1299 4130 ut
1317 4060 1383 4133 sihi
1402 4062 1476 4132 inu·

431 4183 518 4274 tilia,
535 4182 768 4279 neglexerant.
785 4179 885 4268 Quod
899 4178 1039 4275 quidem
1051 4179 1125 4251 fieri
1140 4179 1325 4253 admodum
1336 4208 1475 4255 necesse

434 4311 500 4383 luit
513 4312 549 4381 in
563 4309 629 4380 hae
641 4308 726 4381 urhe
740 4308 800 4382 uhi
814 4307 892 4379 duae
911 4318 1043 4405 gentes,
1061 4330 1131 4378 una
1148 4307 1339 4400 hominum,
1353 4309 1472 4398 altera,

432 4458 529 4531 reque
547 4456 744 4522 numerosa,
766 4434 943 4530 signorum
957 4432 1115 4505 habitare
1132 4431 1336 4508 dicebantur
1353 4438 1420 4531 (2).

479 4561 558 4634 Nou
574 4567 689 4629 tamen
704 4554 795 4651 apud
811 4579 933 4628 omnes
949 4556 1025 4628 haee
1040 4555 1154 4630 studia
1168 4559 1354 4633 invaluere.
1377 4563 1475 4633 Multi

432 4686 522 4755 enirn
537 4681 687 4769 barbati,
703 4679 827 4778 capillo
839 4680 991 4771 horrido,
1008 4707 1162 4778 purpura
1176 4684 1312 4780 plebeia
1330 4711 1370 4759 ac
1388 4711 1475 4781 pene

432 4808 532 4880 lusca
544 4808 655 4879 vestiti
682 4810 774 4898 (narn
789 4804 871 4903 quid
885 4829 947 4904 ego
965 4805 1006 4878 de
1024 4809 1204 4904 supercilio
1222 4808 1361 4883 diuam?
1382 4813 1475 4909 quod

431 4944 505 5005 tum
521 4931 720 5038 hominibus
735 4953 805 5002 non
816 4928 1052 5026 supercilium,
1065 4930 1124 5004 sed
1137 4934 1261 5031 pignus
1276 4936 1475 5031 reipublicae

474 5253 513 5324 ΙΙΙ
536 5247 608 5309 Sall.
626 5248 714 5309 Catil.
738 5251 792 5311 XI.
815 5248 890 5312 Vide
912 5250 1002 5313 etiam
1026 5252 1080 5313 Tit.
1105 5254 1180 5331 Liv.‚
1207 5258 1337 5337 ΧΧΧΙΧ,
1354 5263 1383 5319 7.
1397 5263 1474 5323 Tum

433 5347 527 5408 Cicer.
542 5364 597 5423 pro
614 5345 740 5407 Murena
751 5344 789 5408 do
802 5346 872 5410 Asia
881 5347 1011 5412 habento
1026 5352 1227 5433 suspicionem
1236 5356 1373 5419 luxuriae.

474 5445 515 5521 (Ι)
538 5443 720 5518 Cassiodon,
739 5444 789 5505 lio.
804 5447 883 5521 Vlll.
902 5445 989 5508 loun.
1007 5452 1054 5511 ΙΙΙ.
