3534 7267
360 1676 405 1739 l8
742 1688 824 1751 ,otto
853 1688 892 1731 ne
920 1686 1022 1730 sienis
1072 1739 1074 1744 ,

364 1853 376 1882 a
399 1818 580 1915 lntelliges,
600 1816 723 1911 inquit,
742 1813 827 1884 nihil
843 1811 935 1883 illius
956 1810 1180 1900 lineamentis,
1197 1809 1262 1900 nisi
1282 1831 1403 1897 eorum

357 1945 630 2041 pigmentorum,
653 1963 730 2038 quae
749 1942 890 2024 inventa
909 1937 1065 2009 nondum
1085 1948 1202 2027 erant,
1227 1934 1349 2007 llorem
1368 1945 1403 2005 et

359 2067 510 2139 colorem
532 2064 682 2138 defuisse
707 2066 806 2157 (1).»
840 2062 954 2153 Idem,
986 2084 1065 2132 eum
1088 2061 1208 2149 statuit
1229 2060 1313 2130 artis
1342 2081 1402 2129 cu-

355 2198 494 2289 jusque,
512 2191 541 2261 si
559 2187 666 2285 modo
685 2186 891 2259 difficillima
912 2183 1037 2258 tradita
1056 2187 1136 2274 sint,
1159 2182 1303 2281 reliqua,
1320 2184 1403 2279 quia

360 2324 420 2386 aut
434 2313 591 2385 faciliora
612 2324 673 2383 aut
695 2310 821 2382 similia
843 2322 936 2400 sunt,
953 2307 1042 2380 tradi
1060 2333 1130 2380 non
1148 2332 1290 2381 necesse
1311 2332 1401 2397 esse,

359 2437 445 2510 illud
458 2462 608 2534 quoque,
623 2437 812 2533 expletura
825 2423 1060 2530 desumptum,
1077 2434 1196 2526 affert,
1210 2458 1334 2531 nempe
1344 2438 1403 2530 qui

360 2564 509 2635 hominis
529 2562 678 2658 speeiem
700 2562 839 2657 pingere
856 2557 1087 2655 perdidicerit,
1109 2582 1210 2655 posse
1230 2582 1321 2647 eum,
1345 2583 1405 2629 eu-

356 2684 548 2785 J'usvisvel
575 2684 715 2775 lormae,
743 2683 798 2754 vel
823 2683 956 2771 aetatis,
979 2684 1113 2754 etiamsi
1134 2707 1210 2754 -non
1229 2681 1401 2766 didicerit,

361 2812 521 2909 pingere:
537 2833 651 2906 neque
665 2833 739 2881 esse
752 2808 947 2905 perieulum
963 2810 1022 2904 qui
1037 2807 1171 2896 leonem
1189 2819 1249 2880 aut
1260 2819 1405 2893 ‚taurum

362 2936 483 3031 pingat
501 2933 648 3031 egregie,
671 2956 713 3003 ne
731 2931 821 3003 idem
841 2930 1107 3033 in.multis·eliis
1126 2930 1405 3028 quadrupedibus

363 3062 476 3133 faeere
499 3084 567 3131 non
584 3061 694 3156 possit
715 3060 778 3155 (2).
820 3152 822 3154 μ
868 3145 870 3149 ⁴

412 3185 477 3257 Hie
508 3183 668 3280 equidem
693 3207 772 3255 reor
802 3182 953 3264 Tullium
983 3184 1070 3254 mire
1093 3182 1290 3254 distinxisse
1316 3180 1407 3278 qnod

365 3314 488 3409 cuique
507 3312 630 3408 pictori
648 3313 826 3408 proprium
843 3324 896 3383 est
917 3342 923 3382 z
944 3322 982 3383 ut
999 3310 1085 3382 alius
1106 3310 1299 3399 hominem,
1319 3308 1408 3380 alius

364 3434 622 3533 quadrupedem
636 3438 773 3534 egregie
784 3438 917 3534 pingat,
937 3438 987 3507 ita
1001 3448 1118 3507 tamen
1129 3447 1168 3507 ut
1185 3434 1245 3531 qui
1259 3434 1408 3519 hominis

364 3562 528 3655 speeiem,
551 3571 754 3631 caeterorum
774 3560 973 3649 hominum,
995 3584 1064 3630 non
1085 3570 1201 3631 autem
1220 3556 1411 3655 quadrupe-

363 3684 447 3756 dum
473 3684 622 3754 formam
644 3684 754 3778 possit
774 3682 905 3777 optime
928 3680 1103 3778 effingere.
1130 3680 1250 3778 Hydra
1265 3682 1359 3766 enim„
1377 3691 1411 3752 et

364 3810 463 3907 pellis
480 3811 544 3902 (3),
560 3833 646 3906 quas
661 3810 709 3879 ait
723 3832 744 3878 a
757 3806 930 3903 Polycleto
945 3804 1129 3878 Herculem
1143 3805 1294 3903 fingente
1308 3824 1409 3901 posse

365 3934 494 4031 effingi,
513 3933 649 4005 etiamsi
666 3932 740 4004 haee
756 3923 882 4002 artilex
897 3953 1074 4026 nunquam
1089 3931 1276 4027 separatim
1296 3929 1410 4001 faeere

405 4181 448 4257 (l)
471 4179 600 4254 Brutus,
615 4179 675 4239 298
694 4183 724 4238 et
743 4175 1066 4251 medenentense:
1092 4176 1238 4241 «Primus
1259 4185 1290 4241 et
1302 4198 1411 4242 seeun-

366 4276 424 4338 dus
437 4292 546 4346 annus,
559 4280 590 4335 et
603 4273 710 4335 tertius
730 4278 848 4336 tantum
869 4274 955 4355 quasi
976 4274 1014 4337 de
1033 4274 1158 4355 picturae
1181 4274 1290 4337 veteris
1311 4276 1413 4340 colore

366 4372 545 4451 detraxerat,
563 4377 710 4453 qnantum
722 4389 784 4434 non
799 4371 897 4453 quivis
911 4390 989 4434 unns
1002 4390 1039 4433 ex
1052 4373 1176 4454 populo,
1194 4372 1248 4434 sed
1260 4370 1413 4435 existima·

365 4477 414 4533 tor
425 4468 545 4546 doctus,
567 4474 600 4531 et
612 4468 783 4548 intelligens
806 4474 909 4550 posset
933 4474 1156 4549 cognoscere.»
1170 4502 1213 4518 -·
1226 4472 1327 4549 Orat,
1347 4472 1412 4533 96:

370 4591 387 4628 u
400 4570 454 4631 nst
463 4567 546 4630 enirn
559 4566 713 4648 quoddam
727 4566 819 4629 etiam
832 4566 951 4647 insigne
963 4572 994 4630 et
1006 4566 1118 4651 florens
1130 4567 1285 4648 orationis,
1296 4568 1414 4650 pictum

303 4681 309 4693 ·
366 4671 399 4727 et
410 4665 577 4746 expolitum
591 4682 699 4745 genus,
723 4664 754 4725 in
773 4682 835 4747 quo
850 4682 958 4728 omnes
977 4664 1156 4742 verborum,
1173 4683 1280 4728 ornnes
1297 4674 1415 4729 senten-

367 4764 479 4824 tiarum
491 4763 643 4843 illigantur
657 4764 812 4843 lepores.»
828 4804 864 4816 -
879 4767 923 4824 De
941 4764 1052 4827 Notur.
1069 4764 1164 4835 deor„
1180 4766 1209 4838 l,
1224 4766 1262 4826 nt
1278 4782 1286 4825 :
1310 4764 1416 4828 «Cedo

367 4859 440 4923 mihi
448 4862 577 4922 istorum
586 4860 834 4923 adumbratorum
844 4860 1161 4923 deorumlineamente
1172 4867 1262 4943 atque
1269 4861 1412 4925 formas.»

411 4960 451 5036 (ll
475 4962 519 5034 De
535 4959 634 5031 Orat„
651 4958 690 5033 Π,
705 4962 753 5020 16.
769 4957 845 5019 Vide
859 4953 950 5021 etiem
962 4959 999 5020 de
1018 4957 1121 5043 offic„
1134 4960 1158 5038 l,
1175 4963 1235 5021 ll:
1256 4961 1323 5022 «ut
1334 4960 1416 5022 enim

368 5054 501 5137 pictores
512 5062 544 5116 et
555 5053 574 5116 ii
594 5054 646 5135 qui
659 5054 745 5133 signa
756 5053 942 5116 fabricantur
948 5102 959 5134 ,
975 5060 1006 5117 et
1017 5074 1089 5117 vero
1101 5055 1192 5117 etlam
1206 5063 1317 5137 poetae,
1326 5072 1416 5117 suum

370 5152 498 5234 quisque
513 5169 618 5231 opusa
633 5151 722 5230 vulgo
730 5150 912 5213 considerari
925 5152 1000 5229 vult,
1014 5158 1058 5230 ut,
1072 5152 1096 5213 si
1110 5152 1183 5233 quid
1196 5151 1415 5234 reprehensum

369 5250 409 5309 sit
419 5269 437 5311 a
448 5248 595 5331 pluribus,
613 5246 644 5310 id
657 5248 862 5329 corrigatur...
877 5272 892 5308 o

413 5349 452 5423 (3)
479 5348 521 5406 De
536 5348 635 5418 Orat,
651 5346 688 5419 ll,
705 5348 754 5406 to.
770 5344 845 5406 Vide
862 5345 953 5406 etiam
963 5346 1000 5407 do
1018 5346 1136 5426 Capella
1145 5345 1217 5407 scite
1231 5345 1309 5407 lacta
1326 5353 1356 5408 et
1367 5366 1417 5408 re-

372 5449 459 5504 nuste
475 5460 483 5504 :
499 5448 531 5504 e'n
547 5444 639 5518 Vere,
656 5444 694 5518 ll,
711 5445 760 5503 35.
