3534 7267
366 1626 413 1693 ΙΙ
749 1643 837 1716 ,curn
858 1642 897 1688 nn
926 1641 1024 1689 sienis

366 1796 474 1869 neque
492 1773 528 1843 in
546 1771 612 1843 hoc
633 1782 768 1842 tantum
782 1769 912 1841 Plinius
927 1792 947 1840 a
961 1771 1079 1842 Nostri
1101 1770 1269 1841 sententia
1282 1768 1409 1848 abhor-

366 1908 437 1988 ret3
458 1895 590 1968 'Pullius
608 1895 701 1967 enim
724 1893 884 1966 Zeuxidis
901 1905 935 1965 et
953 1892 1134 1992 Polygnoti
1160 1905 1193 1965 at
1214 1893 1407 1966 Timanthis

365 2034 400 2093 et
420 2044 540 2093 eorum
559 2020 618 2118 qni
645 2044 715 2091 non
734 2030 815 2092 sunt
832 2020 892 2091 usi¹
911 2017 1114 2115 plusquam
1135 2029 1300 2113 quattuor
1320 2018 1408 2090 colo-

364 2144 472 2236 ribus,
493 2145 626 2217 formas¹
641 2153 675 2216 et
689 2144 898 2216 lineamenta
915 2142 1034 2215 laudat
1051 2143 1119 2237 (l);
1138 2154 1173 2214 at
1190 2142 1226 2214 in
1251 2142 1406 2216 Echione

364 2268 592 2360 Nicomacho,
613 2269 819 2365 Protogene,
841 2267 1049 2364 Apellejam
1066 2267 1222 2363 perfecta
1244 2290 1318 2339 esse
1332 2292 1406 2339 om·

363 2396 420 2464 nia
440 2392 590 2490 judicat3
615 2393 714 2490 quasi
737 2390 895 2464 videlicet
916 2390 1054 2487 Apelles
1076 2390 1155 2487 plus
1177 2414 1283 2488 quam
1309 2403 1407 2488 quat-

362 2530 441 2590 tuor
463 2517 638 2590 coloribus
656 2541 741 2589 usus
763 2516 888 2605 luerit3
912 2515 1027 2613 quod,
1047 2516 1155 2588 Plinio
1177 2528 1401 2614 repugnante,

362 2646 412 2716 sic
430 2644 583 2722 Ciceroni
597 2643 711 2715 visum
731 2643 840 2715 luisse
856 2642 991 2737 opinor,
1010 2643 1093 2737 quia
1109 2642 1223 2738 pictor
1241 2642 1298 2715 ille
1316 2654 1405 2714 atra-

360 2777 476 2837 mento
497 2765 648 2863 quodam
676 2766 770 2838 tenui
798 2764 958 2838 absoluta
986 2790 1092 2861 opera
1119 2766 1295 2859 illinehat,
1324 2790 1403 2864 quae

359 2889 507 2960 forsitan
536 2889 711 2974 variorum
748 2888 902 2961 colorum
932 2890 1083 2986 speciem
1114 2890 1164 2960 ita
1189 2889 1399 2962 referebant.

359 3015 501 3094 Constat
526 3033 608 3092 vero
633 3012 699 3083 hoo
725 3024 967 3100 atramentum,
996 3009 1090 3108 quod
1112 3011 1285 3083 claritates
1312 3004 1403 3084 colo-

359 3160 436 3208 rum
462 3120 645 3228 excitabat,
672 3134 797 3208 iisdem
830 3148 948 3208 tamen
974 3138 1077 3208 nimis
1106 3136 1238 3209 floridis
1263 3141 1405 3211 austeri·

360 3271 466 3333 tatem
494 3260 627 3346 occulte
656 3259 791 3332 dedisse
816 3261 880 3355 (Ι).
909 3263 1006 3332 Hanc
1030 3271 1145 3332 autern
1166 3263 1401 3334 austeritatem

359 3388 532 3459 Ciceronis
551 3385 658 3459 oculis
681 3373 780 3458 valde
796 3397 976 3483 acceptam
995 3387 1103 3458 fuisse
1121 3409 1163 3458 ex
1181 3388 1258 3483 ipso
1279 3412 1404 3485 cogno-

359 3510 513 3605 scimus:
540 3541 553 3574 α
574 3514 708 3599 Quanto
729 3510 884 3584 colorum
902 3509 1155 3607 pulchritudine
1180 3524 1214 3581 et
1237 3512 1403 3583 varietate

359 3613 535 3706 floridiora
551 3637 682 3731 suntin
699 3636 843 3732 picturis
861 3635 960 3737 novis
976 3635 1162 3735 pleraque„
1173 3628 1278 3730 quam
1292 3635 1329 3705 in
1344 3658 1402 3707 ve-

361 3732 520 3829 teribus?
542 3780 620 3854 quae
648 3767 785 3844 tamen,
806 3758 943 3827 etiamsi
965 3758 1000 3828 in
1022 3760 1136 3853 primo
1155 3758 1317 3855 adspectu
1337 3782 1402 3829 nos

361 3893 542 3979 ceperunt,
577 3880 704 3953 diutius
730 3906 798 3953 non
818 3880 1007 3973 delectant3
1028 3905 1138 3979 quum
1160 3882 1264 3955 iidem
1283 3907 1348 3955 nos
1366 3884 1403 3954 in

359 4007 510 4104 antiquis
537 4006 664 4080 tabulis
687 4007 744 4078 illo
769 4008 845 4103 ipso
872 4007 1012 4080 horrido
1038 4007 1261 4105 obsoletoque
1286 4019 1403 4079 tenea·
1492 3982 1494 3989 ,

359 4157 438 4204 mur
455 4134 520 4230 (3).
543 4165 557 4197 t

407 4260 480 4332 Nec
500 4268 616 4328 tamen
637 4268 819 4353 propterea
837 4256 1020 4330 credamus
1041 4258 1088 4328 M.
1112 4256 1262 4328 Tullium
1284 4278 1325 4327 ex
1347 4255 1403 4326 his

357 4382 461 4453 luisse
476 4380 677 4453 hominibus
696 4383 755 4478 qui
775 4380 913 4477 proprio
926 4380 1079 4478 quodam
1095 4378 1306 4477 intelligendi
1325 4403 1399 4469 am-

270 4579 272 4583 ,
358 4503 450 4596 bitu,
475 4504 657 4602 Polygnoti
674 4518 777 4602 atque
798 4506 1059 4603 Aglaophontis,
1081 4529 1228 4601 quorum
1257 4502 1401 4599 simplex

358 4640 410 4701 est
434 4628 540 4716 color,
570 4641 642 4701 tam
670 4629 811 4702 studiosi
842 4642 950 4716 erant,
973 4640 1010 4701 ut
1031 4630 1089 4702 illa
1111 4653 1217 4725 prope
1239 4627 1339 4702 rudia
1358 4651 1399 4702 ao

355 4752 448 4826 velut
468 4755 594 4827 futurae
613 4779 695 4827 mor
722 4756 806 4826 artis
825 4754 1031 4851 primordia,
1060 4754 1220 4825 maximis
1248 4754 1304 4849 qui
1325 4765 1402 4848 post

358 4902 416 4952 eos
444 4881 665 4972 exst'terunt,
683 4880 882 4953 auctoribus
900 4880 1104 4977 praeierrent
1122 4879 1185 4975 (4)
1208 4880 1292 4949 Hae
1311 4879 1403 4949 enim

399 5114 438 5185 tl)
461 5111 584 5183 Brutos,
603 5113 706 5187 XVlll,
721 5114 770 5172 70.

399 5209 440 5284 (2)
462 5207 551 5283 Ptin,
565 5210 683 5286 XXXV,
699 5210 746 5271 36.

401 5308 439 5381 (3)
466 5308 509 5365 Ile
524 5306 626 5384 Orat,
638 5306 690 5368 lib.
705 5309 755 5382 ΙΙΙ,
771 5310 821 5370 Pb.

402 5406 441 5477 tt)
463 5405 663 5479 Quintiqun,
679 5411 727 5468 lt).
