3534 7267
652 1671 805 1719 sensnum
831 1672 866 1717 u.
897 1670 1043 1717 ruimus.
1321 1648 1360 1714 21

324 1793 453 1885 lbatur,
467 1794 768 1890 saepissime'leves,
786 1796 921 1891 ineptos
936 1805 969 1865 et
981 1793 1121 1867 fallaces
1138 1791 1285 1888 appellat
1301 1797 1364 1885 (1);

322 1919 421 2017 fingit
437 1919 537 1990 sicet
553 1941 690 2013 semper
706 1918 922 1988 existimasse
936 1940 971 1987 se
987 1945 994 1986 :
1015 1949 1027 1980 c
1049 1918 1175 1989 Omnia
1191 1920 1366 1989 Romanos

322 2054 381 2116 aut
397 2043 568 2114 invenisse
589 2066 652 2139 per
673 2065 709 2114 se
726 2044 913 2139 sapientius
935 2067 1040 2138 quarn
1059 2043 1211 2131 Graecos,
1237 2053 1295 2115 aut
1308 2066 1365 2114 aa·

321 2178 423 2262 cepta
456 2166 500 2239 ab
533 2166 601 2239 illis
624 2167 750 2238 fecisse
775 2166 921 2238 meliora
933 2167 1002 2262 12).
1022 2197 1034 2231 s
1067 2166 1165 2238 «Sed
1185 2166 1268 2263 quid
1300 2190 1364 2263 ego

321 2292 550 2363 Graeoorum?
579 2294 643 2380 ait,
673 2293 790 2363 nescio
822 2290 996 2387 quomodo
1023 2314 1078 2362 me
1106 2291 1217 2388 magis
1245 2302 1365 2363 nostra

318 2412 491 2486 delectant
511 2415 575 2508 (3).
603 2416 778 2487 »Litteris
809 2413 949 2511 quidem
976 2417 1098 2513 graeeis
1125 2439 1162 2488 se
1191 2415 1363 2488 studuisse

318 2542 446 2613 fatetur
470 2570 477 2613 :
504 2566 619 2613 noune
641 2565 723 2614 vero
753 2544 836 2613 Cato
857 2548 971 2638 major
998 2565 1073 2632 eas,
1106 2544 1209 2614 etiam
1237 2566 1358 2632 senen,

316 2662 463 2737 didicit?
478 2669 553 2763 lpse
571 2668 620 2737 M.
638 2669 720 2739 Cato
741 2665 835 2738 domi
849 2666 956 2740 habet
976 2667 1153 2739 homiuem
1173 2666 1362 2740 eruditissi-

316 2812 432 2879 mum,
449 2789 606 2861 videlieet
625 2791 806 2879 Graecum,
829 2795 927 2887 cujus
951 2791 1106 2861 oratione
1128 2801 1161 2862 et
1177 2794 1360 2888 praecptis

314 2913 461 2987 libenter
476 2916 685 2989 informatur
706 2919 770 3009 (4).
788 2914 916 2987 Mirum
938 2926 1053 2987 autern
1072 2927 1106 2987 et
1123 2938 1230 3010 prope
1248 2916 1360 2988 incre·
1398 2924 1399 2927 ’

313 3038 417 3112 dibile
442 3039 526 3111 illud
546 3051 598 3111 est
618 3050 785 3136 quantum
809 3038 941 3111 Tullius
964 3037 1098 3111 laboret
1116 3049 1150 3110 et
1165 3037 1304 3111 insudet
1321 3050 1359 3111 ut

312 3164 387 3259 ipse
413 3166 578 3235 Catonern
611 3174 709 3260 ngat,
738 3162 867 3234 nedum
895 3162 1035 3259 graeculi
1064 3162 1214 3233 hominis
1242 3185 1357 3235 mores

311 3288 440 3359 referre
466 3286 634 3359 videatur.
664 3290 728 3359 Est
749 3288 855 3377 enim,
881 3286 974 3382 quod
1000 3286 1074 3357 vult
1094 3287 1255 3358 omnibus
1283 3309 1376 3358 esse·

311 3437 533 3509 persuasum,
555 3412 605 3483 illi
633 3436 713 3483 cum
734 3416 860 3484 Catone
890 3412 1086 3512 communis
1114 3412 1261 3483 societas
1284 3424 1355 3484 stu-

309 3536 445 3610 diorum
474 3550 575 3635 atque
605 3540 731 3610 artium
750 3538 815 3631 (5).
840 3537 924 3626 Quis
951 3559 1034 3607 vero
1063 3538 1099 3608 in
1123 3537 1286 3609 Cicerone
1305 3562 1356 3608 re-

310 3662 501 3757 prehendat
535 3664 638 3734 istam
665 3661 801 3759 legendi
833 3659 1032 3732 aviditatem
1057 3684 1134 3756 quae
1163 3662 1198 3732 in
1225 3664 1353 3735 Catone

310 3795 405 3856 tante
422 3797 496 3856 erat
515 3797 565 3877 ut,
588 3784 893 3881 reprehensionem
911 3784 1008 3881 vulgi
1022 3809 1092 3856 non
1107 3785 1353 3878 reformidans

307 3908 390 3982 dum
407 3923 551 4002 senatus
572 3923 764 4007 cogeretur,
781 3911 816 3981 in
834 3913 911 4005 ipsa
930 3909 1026 3982 curia
1042 3908 1155 4007 legere
1173 3909 1328 3982 soleret?

357 4035 414 4106 Sic
432 4034 564 4106 Tullius
585 4058 649 4105 sua
669 4034 779 4128 ipsius
797 4031 912 4105 studia
929 4032 994 4103 viri
1017 4034 1212 4129 gravissimi
1234 4046 1351 4105 aucto·

307 4162 407 4232 ritate
425 4172 554 4233 tuetur.
571 4163 674 4233 Hunc
692 4184 799 4232 unum
815 4158 937 4231 scribit
954 4181 1031 4231 esse
1049 4158 1116 4229 sibi
1132 4183 1196 4254 pro
1210 4170 1349 4232 centum

306 4286 458 4359 millibus
484 4290 533 4380 (6)
561 4287 758 4358 mortalium
771 4313 781 4373 ς
796 4285 905 4381 ‘hujus
928 4308 1006 4356 cum
1024 4283 1219 4357 laudatione
1239 4309 1350 4381 neque

304 4436 463 4501 currum,
494 4435 606 4508 neque
634 4412 786 4484 lauream
819 4411 953 4483 confert
982 4412 1053 4506 (7);
1075 4409 1222 4507 denique
1243 4435 1345 4504 vero,
1459 4493 1461 4496 ,

273 4564 276 4569 ’
303 4535 396 4633 quod
415 4548 467 4609 est
485 4538 636 4609 maxime
650 4538 758 4609 nostri
777 4536 959 4633 propositi,
982 4536 1063 4629 quia
1083 4537 1133 4606 M.
1157 4537 1289 4624 Catoni,
1311 4549 1349 4609 ut

343 4829 378 4909 (l)
402 4832 501 4905 Epist.
518 4830 560 4889 od
577 4830 697 4904 Queat„
708 4828 761 4889 lib.
778 4831 800 4903 l,
815 4846 864 4907 ep.
878 4827 910 4900 b,
928 4835 958 4883 11⁰
971 4825 999 4883 Ι.
1015 4825 1061 4883 Dc
1082 4827 1181 4901 Orat,
1198 4826 1249 4888 lib.
1262 4829 1297 4906 ΙΙ,
1315 4832 1344 4890 Ι.

342 4928 382 4999 (Ι)
410 4929 543 5001 Torret,
558 4927 582 4998 Ι,
599 4930 628 4986 Ι.

341 5028 381 5097 (3)
405 5026 446 5083 Do
457 5024 608 5099 ‚Woiaot.‚
624 5025 647 5097 1,
661 5024 711 5082 ΙΙΙ.

340 5123 382 5196 (Ι)
403 5124 464 5180 Pro
481 5123 618 5194 Morene,
633 5123 683 5193 311,
699 5122 749 5179 66.
865 5126 867 5130 ’
953 5167 955 5172 .

339 5220 380 5297 (5)
401 5220 504 5295 Epist.
514 5219 630 5293 joarib,
648 5217 701 5278 lib.
718 5218 782 5292 XV,
795 5235 844 5296 cp.
863 5220 894 5292 -l,
912 5221 953 5279 od
967 5223 1124 5282 Catonem.

318 5346 321 5352 ·
342 5316 385 5387 llll
407 5316 615 5389 Adsiduum,
632 5315 683 5376 lib.
697 5316 735 5385 ΙΙ,
749 5317 780 5376 5.

338 5415 380 5490 (Ι)
406 5412 503 5490 Epist.
516 5410 609 5484 sora,
624 5412 671 5472 lib.
688 5413 750 5486 XV,
766 5413 795 5470 6.
815 5412 860 5471 dd
878 5413 1030 5473 (latonera.
