3534 7267
416 1624 460 1690 12
801 1648 876 1704 ooro
905 1648 943 1693 oa
970 1648 1071 1695 sionis

413 1774 615 1844 manitatem
629 1774 695 1868 (1),
712 1773 770 1869 qui
785 1776 950 1845 contrain
969 1798 1005 1846 se
1021 1786 1153 1847 tantam
1164 1775 1359 1849 Siculorum
1373 1778 1455 1850 inri-

409 1894 503 1967 diam
534 1894 713 1988 conflavit,
741 1896 786 1970 ob
810 1895 845 1968 id
864 1898 996 1993 ipsum,
1017 1906 1117 1993 puto,
1146 1896 1238 1993 quod
1264 1922 1454 1996 graecarum

410 2023 537 2096 artium
559 2046 661 2119 opera
684 2046 761 2119 quae
786 2046 895 2120 prope
915 2047 1004 2095 unus
1027 2022 1252 2120 intelligebat,
1274 2025 1453 2121 Syracusis

409 2147 666 2245 quamplurima
692 2147 820 2239 ablata,
851 2153 1000 2221 Romam
1028 2147 1225 2221 devehenda
1253 2172 1328 2221 esse
1357 2166 1454 2221 'cura-

409 2272 458 2342 vit
479 2274 550 2365 (2);
573 2272 663 2365 inde,
684 2285 723 2345 ut
741 2275 789 2345 ait
807 2274 942 2364 Livius,
968 2274 1119 2369 primum
1145 2264 1278 2346 initium
1298 2273 1453 2346 'nairandi

408 2424 599 2497 graecarum
619 2404 747 2474 artium
763 2425 870 2498 opera
887 2401 1102 2499 licentiaque
1117 2403 1198 2474 huic
1219 2426 1319 2474 sacra
1340 2403 1421 2499 prof
1441 2446 1455 2458 ·

407 2549 521 2622 naqus
545 2528 661 2599 omnia
685 2526 789 2624 vulgo
808 2524 979 2623 spoliandi
995 2526 1126 2598 factum
1147 2538 1199 2598 est
1219 2526 1287 2621 (3).
1310 2529 1454 2598 Verum-

406 2660 543 2741 tamen,
567 2651 659 2748 quod
682 2651 794 2723 Tullio
817 2653 971 2723 maxima
994 2651 1071 2724 laus
1094 2662 1160 2742 est,
1181 2666 1293 2748 neque
1315 2652 1452 2724 tabulas

387 2855 395 2859 ..
406 2772 529 2867 pictas,
545 2797 657 2870 neque
670 2776 779 2873 signa,
792 2798 903 2871 neque
921 2798 1006 2847 vasa
1026 2774 1237 2847 corinthiaoa
1257 2774 1330 2846 suis
1343 2774 1452 2870 ipsius

407 2894 540 2969 aedibus
556 2897 682 2990 intulit,
704 2922 813 2995 neque
834 2898 928 2970 aliud
955 2897 1145 2995 quidquam
1166 2921 1208 2969 ex
1222 2895 1453 2993 tantapraeda

405 3020 472 3094 sihi
484 3020 683 3114 vindicavit,
702 3035 827 3120 praeter
838 3021 1055 3096 Archimedis
1075 3023 1246 3118 sphaeram
1261 3021 1327 3116 (4).
1342 3023 1451 3093 Usum

407 3168 482 3217 esse
495 3144 616 3218 eadem
626 3148 856 3244 temperantia
865 3148 904 3218 L.
918 3147 1321 3244 Scipionemasiaticum,
1330 3143 1450 3216 eadem

406 3274 445 3343 T.
473 3269 703 3343 Flamininum
731 3247 1010 3360 Macedonicum,
1037 3270 1158 3343 eadem
1177 3273 1222 3341 L.
1249 3266 1396 3339 Paulum
1417 3278 1452 3339 et

284 3403 287 3411 '
405 3395 443 3464 L.
465 3394 671 3467 Mummium
690 3397 889 3468 Achaicum
910 3397 1119 3491 accepimus,
1140 3393 1200 3466 sed
1227 3417 1296 3465 non
1312 3413 1445 3481 omnes,

405 3518 526 3610 credo,
552 3519 646 3616 qnod
664 3519 708 3591 de
726 3520 902 3593 veteribus
927 3519 1128 3593 hominibus
1151 3518 1226 3592 dici
1238 3518 1353 3608 solot‚,
1370 3518 1452 3612 quia

403 3645 563 3717 meliores
579 3657 614 3717 et
630 3645 882 3717 innocentiores
901 3656 1027 3737 essent,
1046 3642 1106 3716 sed
1122 3646 1217 3740 quia,
1237 3644 1329 3715 absit
1342 3641 1456 3716 verbo

402 3768 542 3861 invidia,
556 3769 675 3843 oculos
687 3768 839 3843 cruditos
853 3791 923 3841 non
935 3768 1115 3842 haberent.
1133 3772 1178 3841 Ut
1194 3766 1448 3843 enim'Fabiu‘m

401 3894 580 3984 omittam⁷
601 3916 706 3988 quem
726 3892 875 3981 Tullius,
900 3893 1017 3964 nescio
1044 3916 1090 3964 an
1115 3891 1291 3981 consulto,
1311 3902 1449 3989 praeter·

401 4018 511 4107 misit,
533 4017 612 4090 licet
641 4017 699 4090 illc
724 4024 852 4115 majore
875 4020 992 4091 animo
1016 4015 1183 4115 ejusmodi
1205 4015 1323 4114 praeda
1346 4016 1450 4089 absti-

440 4244 481 4319 (Ι)
501 4244 540 4305 Io
557 4246 653 4320 Vera,
665 4244 689 4320 l,
705 4243 741 4303 Sl
754 4249 786 4303 et
798 4242 848 4317 IV,
863 4243 912 4303 54.
931 4262 946 4300 «
959 4242 1065 4321 Itaque
1078 4238 1213 4302 aedinciis
1226 4236 1381 4313 omnibus,
1394 4256 1448 4317 pu·

399 4338 486 4401 blicis
506 4345 538 4401 et
557 4338 690 4419 privatis,
715 4338 808 4400 sacris
819 4345 850 4398 et
862 4334 1010 4418 profanis,
1027 4336 1070 4399 sic
1090 4334 1234 4417 pepercit,
1251 4334 1336 4415 quasi
1352 4333 1391 4395 ad
1411 4351 1448 4395 ea

399 4434 593 4499 defendenda
605 4454 676 4499 cum
688 4436 836 4510 exercitu,
850 4453 912 4497 non
926 4436 1126 4516 expugnanda
1138 4434 1278 4497 venisset.
1294 4435 1328 4494 ln
1338 4438 1446 4495 ornatu

399 4533 482 4596 urbis
493 4533 598 4596 habuit
611 4533 743 4597 victoriae
756 4533 914 4608 rationem,
930 4532 1034 4594 habuit
1049 4531 1280 4594 humanitatis...
1294 4530 1446 4610 Syracusis

398 4637 499 4693 autem
510 4632 660 4712 permulta
671 4637 762 4711 atque
773 4630 895 4709 egregia
905 4629 1025 4709 reliquit
1042 4650 1049 4689 :
1069 4632 1165 4692 Deum
1174 4648 1245 4692 vero
1255 4628 1373 4690 nullutn
1386 4626 1446 4688 vio-

399 4728 481 4804 lavit,
499 4730 616 4790 nullum
631 4727 765 4807 attigit.»
781 4726 836 4788 Ed.
856 4726 974 4789 Nobbe.

438 4824 478 4905 (ἓ)
500 4826 559 4888 Tit.
586 4826 659 4903 Lin,
677 4826 783 4901 XXVI,
799 4828 849 4887 30.
876 4823 984 4899 «Quid
1005 4824 1195 4904 ultraquam
1219 4822 1303 4903 quod
1329 4820 1443 4897 lecerit,

396 4922 452 4984 nisi
467 4929 500 4983 ut
512 4921 627 4984 deleret
641 4924 820 5003 Syracusas,
834 4921 933 4985 facere
943 4920 1089 4985 hostiliter
1102 4920 1279 4984 Marcellum
1292 4918 1445 4999 potuisse?

395 5019 736 5099 certe,praetermoenia
749 5026 871 5082 attacta
885 5020 1029 5083 exhausta
1044 5016 1127 5081 urbis
1138 5025 1169 5080 et
1185 5015 1315 5079 refracta
1330 5033 1366 5077 ac
1376 5034 1444 5095 spo

397 5116 469 5177 liata
486 5118 583 5177 Deum
609 5115 755 5192 delubra,
778 5116 835 5179 diis
853 5116 926 5198 ipsis
946 5116 1190 5197 ornamentisque
1211 5131 1316 5178 eorum
1338 5112 1444 5174 ablatis

338 5230 343 5242 ·
396 5212 468 5275 nihil
481 5213 618 5275 relictum
632 5214 786 5294 Syracusis
800 5232 876 5276 esse.
891 5237 905 5273 o

437 5311 476 5386 (3)
497 5310 554 5371 Tit.
574 5310 650 5383 Lis,
667 5312 759 5384 XXV,
773 5313 822 5371 24.

437 5410 476 5476 ll)
498 5408 544 5468 Dr
559 5408 699 5487 Republ„
713 5408 763 5470 lib.
782 5410 805 5480 l,
821 5429 847 5471 e.
867 5414 913 5473 lt.
