<?xml version="1.0" encoding="UTF-8"?>
<!DOCTYPE html PUBLIC "-//W3C//DTD XHTML 1.0 Transitional//EN"
    "http://www.w3.org/TR/xhtml1/DTD/xhtml1-transitional.dtd">
<html xmlns="http://www.w3.org/1999/xhtml" xml:lang="en" lang="en">
 <head>
  <title>
</title>
<meta http-equiv="Content-Type" content="text/html;charset=utf-8" />
  <meta name='ocr-system' content='tesseract 3.04.00' />
  <meta name='ocr-capabilities' content='ocr_page ocr_carea ocr_par ocr_line ocrx_word'/>
</head>
<body>
  <div class='ocr_page' id='page_1' title='image "./quiddesignistab00maiggoog_0049.png"; bbox 0 0 3534 7267; ppageno 0'>
   <div class='ocr_carea' id='block_1_1' title="bbox 686 1660 1398 1724">
    <p class='ocr_par' dir='ltr' id='par_1_1' title="bbox 686 1660 1398 1724">
     <span class='ocr_line' id='line_1_1' title="bbox 686 1660 1398 1724; baseline 0.004 -3"><span class='ocrx_word' id='word_1_1' title='bbox 686 1676 838 1723; x_wconf 82' lang='lat' dir='ltr'>ssusenu·</span> <span class='ocrx_word' id='word_1_2' title='bbox 864 1677 899 1722; x_wconf 91' lang='lat' dir='ltr'>u.</span> <span class='ocrx_word' id='word_1_3' title='bbox 930 1676 1073 1723; x_wconf 72' lang='lat' dir='ltr'>rotulus.</span> <span class='ocrx_word' id='word_1_4' title='bbox 1357 1660 1398 1724; x_wconf 77' lang='grc'>41</span> 
     </span>
    </p>
   </div>
   <div class='ocr_carea' id='block_1_2' title="bbox 257 1799 1527 5257">
    <p class='ocr_par' dir='ltr' id='par_1_2' title="bbox 257 1799 1527 5257">
     <span class='ocr_line' id='line_1_2' title="bbox 362 1799 1403 1901; baseline 0.006 -30"><span class='ocrx_word' id='word_1_5' title='bbox 362 1800 486 1873; x_wconf 80' lang='lat' dir='ltr'>dentur</span> <span class='ocrx_word' id='word_1_6' title='bbox 509 1802 703 1893; x_wconf 82' lang='lat' dir='ltr'>honestare,</span> <span class='ocrx_word' id='word_1_7' title='bbox 727 1802 804 1898; x_wconf 73' lang='lat' dir='ltr'>quea</span> <span class='ocrx_word' id='word_1_8' title='bbox 830 1799 1014 1897; x_wconf 86' lang='lat' dir='ltr'>probasset</span> <span class='ocrx_word' id='word_1_9' title='bbox 1032 1806 1116 1875; x_wconf 85' lang='lat' dir='ltr'>Cato</span> <span class='ocrx_word' id='word_1_10' title='bbox 1133 1810 1255 1901; x_wconf 87' lang='lat' dir='ltr'>major,</span> <span class='ocrx_word' id='word_1_11' title='bbox 1285 1816 1403 1901; x_wconf 83' lang='lat' dir='ltr'>utpote</span> 
     </span>
     <span class='ocr_line' id='line_1_3' title="bbox 362 1923 1404 2026; baseline 0.004 -29"><span class='ocrx_word' id='word_1_12' title='bbox 362 1925 488 2022; x_wconf 90' lang='lat' dir='ltr'>quihus</span> <span class='ocrx_word' id='word_1_13' title='bbox 507 1924 604 1997; x_wconf 87' lang='lat' dir='ltr'>utilia</span> <span class='ocrx_word' id='word_1_14' title='bbox 620 1923 795 2017; x_wconf 88' lang='lat' dir='ltr'>delicatis,</span> <span class='ocrx_word' id='word_1_15' title='bbox 816 1927 1013 1998; x_wconf 84' lang='lat' dir='ltr'>necessaria</span> <span class='ocrx_word' id='word_1_16' title='bbox 1031 1928 1252 2023; x_wconf 85' lang='lat' dir='ltr'>supervacuis</span> <span class='ocrx_word' id='word_1_17' title='bbox 1266 1932 1404 2026; x_wconf 88' lang='lat' dir='ltr'>postpo-</span> 
     </span>
     <span class='ocr_line' id='line_1_4' title="bbox 362 2049 1251 2122; baseline -0.001 0"><span class='ocrx_word' id='word_1_18' title='bbox 362 2053 503 2122; x_wconf 88' lang='lat' dir='ltr'>nuntur.</span> <span class='ocrx_word' id='word_1_19' title='bbox 631 2049 659 2060; x_wconf 80' lang='grc'>”</span> <span class='ocrx_word' id='word_1_20' title='bbox 702 2049 706 2055; x_wconf 77' lang='grc'><strong><em>’</em></strong></span> <span class='ocrx_word' id='word_1_21' title='bbox 934 2051 938 2056; x_wconf 79' lang='lat'>&#39;</span> <span class='ocrx_word' id='word_1_22' title='bbox 1006 2061 1009 2067; x_wconf 82' lang='grc'><strong>“</strong></span> <span class='ocrx_word' id='word_1_23' title='bbox 1148 2050 1153 2060; x_wconf 84' lang='grc'><strong><em>’</em></strong></span> <span class='ocrx_word' id='word_1_24' title='bbox 1247 2051 1251 2058; x_wconf 83' lang='grc'><strong>’</strong></span> 
     </span>
     <span class='ocr_line' id='line_1_5' title="bbox 377 2172 1403 2274; baseline 0.004 -27"><span class='ocrx_word' id='word_1_25' title='bbox 377 2177 394 2222; x_wconf 66' lang='lat'><em>7</em></span> <span class='ocrx_word' id='word_1_26' title='bbox 410 2173 600 2262; x_wconf 81' lang='lat' dir='ltr'>Quomodo</span> <span class='ocrx_word' id='word_1_27' title='bbox 612 2188 728 2247; x_wconf 87' lang='lat' dir='ltr'>autem</span> <span class='ocrx_word' id='word_1_28' title='bbox 741 2176 867 2247; x_wconf 87' lang='lat' dir='ltr'>artifex</span> <span class='ocrx_word' id='word_1_29' title='bbox 886 2199 986 2248; x_wconf 89' lang='lat' dir='ltr'>suum</span> <span class='ocrx_word' id='word_1_30' title='bbox 1006 2172 1300 2274; x_wconf 65' lang='lat' dir='ltr'>munus&#39;exp&#39;leet3</span> <span class='ocrx_word' id='word_1_31' title='bbox 1319 2202 1403 2251; x_wconf 92' lang='lat' dir='ltr'>num</span> 
     </span>
     <span class='ocr_line' id='line_1_6' title="bbox 362 2297 1401 2400; baseline 0.004 -28"><span class='ocrx_word' id='word_1_32' title='bbox 362 2301 449 2373; x_wconf 87' lang='lat' dir='ltr'>scite</span> <span class='ocrx_word' id='word_1_33' title='bbox 465 2324 509 2372; x_wconf 87' lang='lat' dir='ltr'>au</span> <span class='ocrx_word' id='word_1_34' title='bbox 529 2299 662 2373; x_wconf 85' lang='lat' dir='ltr'>tantum</span> <span class='ocrx_word' id='word_1_35' title='bbox 683 2297 840 2373; x_wconf 82' lang='lat' dir='ltr'>sollerter</span> <span class='ocrx_word' id='word_1_36' title='bbox 855 2301 963 2398; x_wconf 88' lang='lat' dir='ltr'>opere</span> <span class='ocrx_word' id='word_1_37' title='bbox 982 2326 1046 2374; x_wconf 87' lang='lat' dir='ltr'>sua</span> <span class='ocrx_word' id='word_1_38' title='bbox 1061 2299 1238 2400; x_wconf 76' lang='lat' dir='ltr'>perficiet,</span> <span class='ocrx_word' id='word_1_39' title='bbox 1263 2297 1401 2376; x_wconf 76' lang='lat' dir='ltr'>licet&#39;sx</span> 
     </span>
     <span class='ocr_line' id='line_1_7' title="bbox 361 2422 1403 2521; baseline 0.004 -26"><span class='ocrx_word' id='word_1_40' title='bbox 361 2422 591 2521; x_wconf 83' lang='lat' dir='ltr'>disputatione</span> <span class='ocrx_word' id='word_1_41' title='bbox 615 2423 816 2497; x_wconf 82' lang='lat' dir='ltr'>academica</span> <span class='ocrx_word' id='word_1_42' title='bbox 836 2428 928 2497; x_wconf 88' lang='lat' dir='ltr'>iuter</span> <span class='ocrx_word' id='word_1_43' title='bbox 942 2425 1124 2498; x_wconf 81' lang='lat' dir='ltr'>Lucullum</span> <span class='ocrx_word' id='word_1_44' title='bbox 1147 2439 1181 2498; x_wconf 94' lang='lat' dir='ltr'>et</span> <span class='ocrx_word' id='word_1_45' title='bbox 1201 2423 1403 2500; x_wconf 82' lang='lat' dir='ltr'>Ciceronem</span> 
     </span>
     <span class='ocr_line' id='line_1_8' title="bbox 361 2549 1415 2650; baseline 0.002 -29"><span class='ocrx_word' id='word_1_46' title='bbox 361 2550 611 2648; x_wconf 81' lang='lat' dir='ltr'>cognoscamus</span> <span class='ocrx_word' id='word_1_47' title='bbox 639 2553 704 2643; x_wconf 84' lang='lat' dir='ltr'>(l).</span> <span class='ocrx_word' id='word_1_48' title='bbox 730 2550 850 2624; x_wconf 81' lang='lat' dir='ltr'><strong>Artem</strong></span> <span class='ocrx_word' id='word_1_49' title='bbox 875 2551 981 2624; x_wconf 89' lang='lat' dir='ltr'>ullam</span> <span class='ocrx_word' id='word_1_50' title='bbox 995 2549 1099 2649; x_wconf 90' lang='lat' dir='ltr'>posse</span> <span class='ocrx_word' id='word_1_51' title='bbox 1117 2554 1280 2625; x_wconf 81' lang='lat' dir='ltr'>exsistere</span> <span class='ocrx_word' id='word_1_52' title='bbox 1302 2553 1415 2650; x_wconf 49' lang='lat' dir='ltr'>neget*</span> 
     </span>
     <span class='ocr_line' id='line_1_9' title="bbox 361 2669 1403 2773; baseline 0.001 -26"><span class='ocrx_word' id='word_1_53' title='bbox 361 2673 552 2769; x_wconf 80' lang='lat' dir='ltr'>Lucullus,</span> <span class='ocrx_word' id='word_1_54' title='bbox 572 2674 649 2772; x_wconf 82' lang='lat' dir='ltr'>quae</span> <span class='ocrx_word' id='word_1_55' title='bbox 672 2674 754 2747; x_wconf 89' lang='lat' dir='ltr'>nou·</span> <span class='ocrx_word' id='word_1_56' title='bbox 769 2673 812 2748; x_wconf 83' lang='lat' dir='ltr'>ex</span> <span class='ocrx_word' id='word_1_57' title='bbox 842 2676 960 2751; x_wconf 90' lang='lat' dir='ltr'>multis</span> <span class='ocrx_word' id='word_1_58' title='bbox 993 2673 1102 2748; x_wconf 86' lang='lat' dir='ltr'>animi</span> <span class='ocrx_word' id='word_1_59' title='bbox 1125 2669 1403 2773; x_wconf 80' lang='lat' dir='ltr'>perceptionibus</span> 
     </span>
     <span class='ocr_line' id='line_1_10' title="bbox 362 2796 1403 2897; baseline 0.005 -28"><span class='ocrx_word' id='word_1_60' title='bbox 362 2800 515 2892; x_wconf 86' lang='lat' dir='ltr'>constet,</span> <span class='ocrx_word' id='word_1_61' title='bbox 544 2821 634 2897; x_wconf 86' lang='lat' dir='ltr'>ques</span> <span class='ocrx_word' id='word_1_62' title='bbox 654 2801 683 2872; x_wconf 90' lang='lat' dir='ltr'>si</span> <span class='ocrx_word' id='word_1_63' title='bbox 703 2796 932 2893; x_wconf 83' lang='lat' dir='ltr'>subtraxeris,</span> <span class='ocrx_word' id='word_1_64' title='bbox 956 2799 1043 2873; x_wconf 91' lang='lat' dir='ltr'><strong>nihil</strong></span> <span class='ocrx_word' id='word_1_65' title='bbox 1064 2797 1219 2873; x_wconf 87' lang='lat' dir='ltr'>intererit</span> <span class='ocrx_word' id='word_1_66' title='bbox 1236 2802 1403 2884; x_wconf 86' lang='lat' dir='ltr'>artificem</span> 
     </span>
     <span class='ocr_line' id='line_1_11' title="bbox 345 2905 1415 2998; baseline 0.003 -3"><span class='ocrx_word' id='word_1_67' title='bbox 345 2911 505 2996; x_wconf 77' lang='lat' dir='ltr'>‘inter&#39;et</span> <span class='ocrx_word' id='word_1_68' title='bbox 522 2905 671 2998; x_wconf 86' lang='lat' dir='ltr'>inscium</span> <span class='ocrx_word' id='word_1_69' title='bbox 693 2954 700 2994; x_wconf 91' lang='lat'>:</span> <span class='ocrx_word' id='word_1_70' title='bbox 722 2949 793 2997; x_wconf 88' lang='lat' dir='ltr'>non</span> <span class='ocrx_word' id='word_1_71' title='bbox 809 2925 903 2997; x_wconf 91' lang='lat' dir='ltr'>euim</span> <span class='ocrx_word' id='word_1_72' title='bbox 916 2926 1058 2997; x_wconf 84' lang='lat' dir='ltr'>fortuito</span> <span class='ocrx_word' id='word_1_73' title='bbox 1071 2925 1128 2997; x_wconf 91' lang='lat' dir='ltr'>hie</span> <span class='ocrx_word' id='word_1_74' title='bbox 1142 2926 1267 2998; x_wconf 77' lang='lat' dir='ltr'>artifex</span> <span class='ocrx_word' id='word_1_75' title='bbox 1279 2924 1415 2998; x_wconf 79' lang='lat' dir='ltr'>dicitu-r</span> 
     </span>
     <span class='ocr_line' id='line_1_12' title="bbox 361 3047 1402 3148; baseline 0.002 -27"><span class='ocrx_word' id='word_1_76' title='bbox 361 3073 455 3139; x_wconf 88' lang='lat' dir='ltr'>esse,</span> <span class='ocrx_word' id='word_1_77' title='bbox 471 3047 527 3121; x_wconf 90' lang='lat' dir='ltr'>ille</span> <span class='ocrx_word' id='word_1_78' title='bbox 543 3061 701 3147; x_wconf 84' lang='lat' dir='ltr'>negetur,</span> <span class='ocrx_word' id='word_1_79' title='bbox 724 3048 783 3122; x_wconf 90' lang='lat' dir='ltr'>sed</span> <span class='ocrx_word' id='word_1_80' title='bbox 808 3073 889 3123; x_wconf 90' lang='lat' dir='ltr'>cum</span> <span class='ocrx_word' id='word_1_81' title='bbox 910 3048 996 3121; x_wconf 84' lang='lat' dir='ltr'>alter</span> <span class='ocrx_word' id='word_1_82' title='bbox 1006 3048 1176 3146; x_wconf 73' lang='lat' dir='ltr'>&#39;percepta</span> <span class='ocrx_word' id='word_1_83' title='bbox 1196 3063 1229 3122; x_wconf 93' lang='lat' dir='ltr'>et</span> <span class='ocrx_word' id='word_1_84' title='bbox 1239 3074 1402 3148; x_wconf 82' lang='lat' dir='ltr'>compre·</span> 
     </span>
     <span class='ocr_line' id='line_1_13' title="bbox 363 3171 1403 3279; baseline 0.003 -34"><span class='ocrx_word' id='word_1_85' title='bbox 363 3173 470 3246; x_wconf 83' lang='lat' dir='ltr'>hensa</span> <span class='ocrx_word' id='word_1_86' title='bbox 487 3186 604 3246; x_wconf 90' lang='lat' dir='ltr'>tenere</span> <span class='ocrx_word' id='word_1_87' title='bbox 620 3173 768 3265; x_wconf 87' lang='lat' dir='ltr'>videtur,</span> <span class='ocrx_word' id='word_1_88' title='bbox 792 3174 879 3246; x_wconf 84' lang='lat' dir='ltr'>alter</span> <span class='ocrx_word' id='word_1_89' title='bbox 896 3172 965 3246; x_wconf 89' lang='lat' dir='ltr'>non</span> <span class='ocrx_word' id='word_1_90' title='bbox 982 3171 1079 3247; x_wconf 88' lang='lat' dir='ltr'>item.</span> <span class='ocrx_word' id='word_1_91' title='bbox 1101 3178 1258 3272; x_wconf 85' lang='lat' dir='ltr'>Cumque</span> <span class='ocrx_word' id='word_1_92' title='bbox 1277 3176 1403 3279; x_wconf 90' lang='lat' dir='ltr'>artium</span> 
     </span>
     <span class='ocr_line' id='line_1_14' title="bbox 364 3294 1446 3397; baseline 0.001 -26"><span class='ocrx_word' id='word_1_93' title='bbox 364 3297 457 3371; x_wconf 89' lang='lat' dir='ltr'>aliud</span> <span class='ocrx_word' id='word_1_94' title='bbox 474 3294 642 3396; x_wconf 86' lang='lat' dir='ltr'>ejusmodi</span> <span class='ocrx_word' id='word_1_95' title='bbox 657 3296 766 3397; x_wconf 82' lang='lat' dir='ltr'>genus</span> <span class='ocrx_word' id='word_1_96' title='bbox 784 3300 846 3388; x_wconf 92' lang='lat' dir='ltr'>sit,</span> <span class='ocrx_word' id='word_1_97' title='bbox 869 3310 909 3370; x_wconf 93' lang='lat' dir='ltr'>ut</span> <span class='ocrx_word' id='word_1_98' title='bbox 926 3299 1166 3371; x_wconf 86' lang='lat' dir='ltr'>tantummodo</span> <span class='ocrx_word' id='word_1_99' title='bbox 1192 3302 1307 3372; x_wconf 90' lang='lat' dir='ltr'>animo</span> <span class='ocrx_word' id='word_1_100' title='bbox 1329 3324 1402 3371; x_wconf 92' lang='lat' dir='ltr'>rem</span> <span class='ocrx_word' id='word_1_101' title='bbox 1443 3366 1446 3372; x_wconf 89' lang='lat'>.</span> 
     </span>
     <span class='ocr_line' id='line_1_15' title="bbox 360 3418 1402 3521; baseline -0.001 -25"><span class='ocrx_word' id='word_1_102' title='bbox 360 3436 495 3516; x_wconf 83' lang='lat' dir='ltr'>cernat3</span> <span class='ocrx_word' id='word_1_103' title='bbox 518 3423 630 3514; x_wconf 86' lang='lat' dir='ltr'>aliud,</span> <span class='ocrx_word' id='word_1_104' title='bbox 653 3434 692 3496; x_wconf 94' lang='lat' dir='ltr'>ut</span> <span class='ocrx_word' id='word_1_105' title='bbox 712 3418 873 3496; x_wconf 88' lang='lat' dir='ltr'>moliatur</span> <span class='ocrx_word' id='word_1_106' title='bbox 888 3423 1023 3521; x_wconf 88' lang='lat' dir='ltr'>aliquid</span> <span class='ocrx_word' id='word_1_107' title='bbox 1037 3436 1071 3497; x_wconf 89' lang='lat' dir='ltr'>et</span> <span class='ocrx_word' id='word_1_108' title='bbox 1089 3425 1216 3497; x_wconf 84' lang='lat' dir='ltr'>faciat:</span> <span class='ocrx_word' id='word_1_109' title='bbox 1240 3424 1402 3497; x_wconf 90' lang='lat' dir='ltr'>omnibus</span> 
     </span>
     <span class='ocr_line' id='line_1_16' title="bbox 286 3541 1527 3645; baseline 0 -26"><span class='ocrx_word' id='word_1_110' title='bbox 286 3615 289 3619; x_wconf 76' lang='grc'><strong><em>,</em></strong></span> <span class='ocrx_word' id='word_1_111' title='bbox 360 3544 549 3621; x_wconf 87' lang='lat' dir='ltr'>artificibus</span> <span class='ocrx_word' id='word_1_112' title='bbox 576 3548 751 3645; x_wconf 81' lang='lat' dir='ltr'>continget</span> <span class='ocrx_word' id='word_1_113' title='bbox 775 3542 814 3621; x_wconf 88' lang='lat' dir='ltr'>ut</span> <span class='ocrx_word' id='word_1_114' title='bbox 834 3548 920 3620; x_wconf 89' lang='lat' dir='ltr'>nihil</span> <span class='ocrx_word' id='word_1_115' title='bbox 941 3560 1013 3622; x_wconf 89' lang='lat' dir='ltr'>arte</span> <span class='ocrx_word' id='word_1_116' title='bbox 1037 3541 1354 3639; x_wconf 55' lang='lat' dir='ltr'>efficere‘raleeut,</span> <span class='ocrx_word' id='word_1_117' title='bbox 1373 3550 1402 3620; x_wconf 86' lang='lat' dir='ltr'>si</span> <span class='ocrx_word' id='word_1_118' title='bbox 1524 3635 1527 3641; x_wconf 18' lang='grc' dir='ltr'>Ι</span> 
     </span>
     <span class='ocr_line' id='line_1_17' title="bbox 360 3661 1402 3770; baseline 0 -27"><span class='ocrx_word' id='word_1_119' title='bbox 360 3683 421 3744; x_wconf 88' lang='lat' dir='ltr'>aut</span> <span class='ocrx_word' id='word_1_120' title='bbox 436 3669 536 3745; x_wconf 79' lang='lat' dir='ltr'>&#39;nulla</span> <span class='ocrx_word' id='word_1_121' title='bbox 550 3683 633 3744; x_wconf 88' lang='lat' dir='ltr'>sunt</span> <span class='ocrx_word' id='word_1_122' title='bbox 646 3696 724 3768; x_wconf 83' lang='lat' dir='ltr'>quae</span> <span class='ocrx_word' id='word_1_123' title='bbox 736 3674 879 3770; x_wconf 81' lang='lat' dir='ltr'>percipi,</span> <span class='ocrx_word' id='word_1_124' title='bbox 903 3666 965 3745; x_wconf 87' lang='lat' dir='ltr'>aut</span> <span class='ocrx_word' id='word_1_125' title='bbox 979 3661 1110 3745; x_wconf 80' lang='lat' dir='ltr'>afalsis</span> <span class='ocrx_word' id='word_1_126' title='bbox 1123 3672 1308 3745; x_wconf 87' lang='lat' dir='ltr'>internosci</span> <span class='ocrx_word' id='word_1_127' title='bbox 1322 3665 1402 3768; x_wconf 79' lang='lat' dir='ltr'>pos-</span> 
     </span>
     <span class='ocr_line' id='line_1_18' title="bbox 359 3790 1403 3894; baseline -0.002 -26"><span class='ocrx_word' id='word_1_128' title='bbox 359 3797 442 3868; x_wconf 88' lang='lat' dir='ltr'>sint.</span> <span class='ocrx_word' id='word_1_129' title='bbox 472 3791 525 3868; x_wconf 77' lang='lat' dir='ltr'>ad</span> <span class='ocrx_word' id='word_1_130' title='bbox 547 3790 645 3893; x_wconf 79' lang='lat' dir='ltr'>quae,</span> <span class='ocrx_word' id='word_1_131' title='bbox 671 3790 814 3894; x_wconf 49' lang='lat' dir='ltr'>‘jocose‘</span> <span class='ocrx_word' id='word_1_132' title='bbox 831 3798 926 3869; x_wconf 84' lang='lat' dir='ltr'>setis·</span> <span class='ocrx_word' id='word_1_133' title='bbox 943 3822 1007 3871; x_wconf 91' lang='lat' dir='ltr'>nee</span> <span class='ocrx_word' id='word_1_134' title='bbox 1032 3791 1189 3890; x_wconf 78' lang='lat' dir='ltr'>inficeto,</span> <span class='ocrx_word' id='word_1_135' title='bbox 1219 3791 1403 3893; x_wconf 77' lang='lat' dir='ltr'>respondet</span> 
     </span>
     <span class='ocr_line' id='line_1_19' title="bbox 334 3905 1402 4019; baseline -0.001 -25"><span class='ocrx_word' id='word_1_136' title='bbox 334 3955 336 3960; x_wconf 96' lang='lat'>·</span> <span class='ocrx_word' id='word_1_137' title='bbox 360 3917 548 3994; x_wconf 56' lang='lat' dir='ltr'>Tullius‘se</span> <span class='ocrx_word' id='word_1_138' title='bbox 561 3917 595 3993; x_wconf 60' lang='lat' dir='ltr'>&#39;a</span> <span class='ocrx_word' id='word_1_139' title='bbox 620 3905 763 3994; x_wconf 82' lang='lat' dir='ltr'>Luculle</span> <span class='ocrx_word' id='word_1_140' title='bbox 789 3922 824 3994; x_wconf 93' lang='lat' dir='ltr'>iu</span> <span class='ocrx_word' id='word_1_141' title='bbox 845 3923 1009 4018; x_wconf 87' lang='lat' dir='ltr'>invidiam</span> <span class='ocrx_word' id='word_1_142' title='bbox 1028 3936 1062 3995; x_wconf 87' lang='lat' dir='ltr'>et</span> <span class='ocrx_word' id='word_1_143' title='bbox 1081 3935 1247 4019; x_wconf 88' lang='lat' dir='ltr'>tanquam</span> <span class='ocrx_word' id='word_1_144' title='bbox 1270 3924 1305 3993; x_wconf 92' lang='lat' dir='ltr'>in</span> <span class='ocrx_word' id='word_1_145' title='bbox 1322 3940 1402 3994; x_wconf 83' lang='lat' dir='ltr'>¹con-</span> 
     </span>
     <span class='ocr_line' id='line_1_20' title="bbox 359 4044 1401 4142; baseline -0.002 -24"><span class='ocrx_word' id='word_1_146' title='bbox 359 4047 494 4118; x_wconf 92' lang='lat' dir='ltr'>cionem</span> <span class='ocrx_word' id='word_1_147' title='bbox 512 4046 629 4116; x_wconf 86' lang='lat' dir='ltr'>vocari</span> <span class='ocrx_word' id='word_1_148' title='bbox 649 4076 657 4115; x_wconf 75' lang='lat' dir='ltr'><em>z</em></span> <span class='ocrx_word' id='word_1_149' title='bbox 681 4076 693 4108; x_wconf 76' lang='grc' dir='ltr'>«ι</span> <span class='ocrx_word' id='word_1_150' title='bbox 713 4048 789 4133; x_wconf 79' lang='lat' dir='ltr'>Quo</span> <span class='ocrx_word' id='word_1_151' title='bbox 802 4048 894 4117; x_wconf 91' lang='lat' dir='ltr'>enim</span> <span class='ocrx_word' id='word_1_152' title='bbox 910 4057 1043 4142; x_wconf 87' lang='lat' dir='ltr'>spectet</span> <span class='ocrx_word' id='word_1_153' title='bbox 1058 4044 1155 4136; x_wconf 92' lang='lat' dir='ltr'>illud,</span> <span class='ocrx_word' id='word_1_154' title='bbox 1177 4046 1301 4142; x_wconf 78' lang='lat' dir='ltr'>inquit,</span> <span class='ocrx_word' id='word_1_155' title='bbox 1321 4069 1401 4116; x_wconf 92' lang='lat' dir='ltr'>cum</span> 
     </span>
     <span class='ocr_line' id='line_1_21' title="bbox 360 4166 1402 4263; baseline 0 -26"><span class='ocrx_word' id='word_1_156' title='bbox 360 4166 506 4239; x_wconf 86' lang='lat' dir='ltr'>artificia</span> <span class='ocrx_word' id='word_1_157' title='bbox 528 4166 602 4239; x_wconf 93' lang='lat' dir='ltr'>tolli</span> <span class='ocrx_word' id='word_1_158' title='bbox 624 4168 779 4263; x_wconf 89' lang='lat' dir='ltr'>quereris</span> <span class='ocrx_word' id='word_1_159' title='bbox 801 4190 822 4238; x_wconf 87' lang='lat' dir='ltr'>a</span> <span class='ocrx_word' id='word_1_160' title='bbox 842 4166 956 4259; x_wconf 86' lang='lat' dir='ltr'>nobis,</span> <span class='ocrx_word' id='word_1_161' title='bbox 977 4169 1057 4259; x_wconf 92' lang='lat' dir='ltr'>nisi,</span> <span class='ocrx_word' id='word_1_162' title='bbox 1073 4178 1111 4239; x_wconf 88' lang='lat' dir='ltr'>ut</span> <span class='ocrx_word' id='word_1_163' title='bbox 1124 4166 1265 4263; x_wconf 87' lang='lat' dir='ltr'>opifices</span> <span class='ocrx_word' id='word_1_164' title='bbox 1287 4168 1402 4238; x_wconf 91' lang='lat' dir='ltr'>eonci-</span> 
     </span>
     <span class='ocr_line' id='line_1_22' title="bbox 358 4290 1402 4389; baseline 0.001 -27"><span class='ocrx_word' id='word_1_165' title='bbox 358 4292 500 4364; x_wconf 87' lang='lat' dir='ltr'>tentur?</span> <span class='ocrx_word' id='word_1_166' title='bbox 522 4324 535 4355; x_wconf 75' lang='lat' dir='ltr'>o</span> <span class='ocrx_word' id='word_1_167' title='bbox 558 4290 690 4363; x_wconf 88' lang='lat' dir='ltr'>Deinde</span> <span class='ocrx_word' id='word_1_168' title='bbox 711 4291 822 4364; x_wconf 88' lang='lat' dir='ltr'>irrisis</span> <span class='ocrx_word' id='word_1_169' title='bbox 847 4316 1036 4389; x_wconf 83' lang='lat' dir='ltr'>parumper</span> <span class='ocrx_word' id='word_1_170' title='bbox 1058 4292 1195 4381; x_wconf 81' lang='lat' dir='ltr'>Stoicis,</span> <span class='ocrx_word' id='word_1_171' title='bbox 1221 4292 1280 4388; x_wconf 90' lang='lat' dir='ltr'>qui</span> <span class='ocrx_word' id='word_1_172' title='bbox 1299 4314 1402 4388; x_wconf 81' lang='lat' dir='ltr'>nega-</span> 
     </span>
     <span class='ocr_line' id='line_1_23' title="bbox 360 4416 1398 4515; baseline -0.002 -25"><span class='ocrx_word' id='word_1_173' title='bbox 360 4418 443 4490; x_wconf 89' lang='lat' dir='ltr'>bant</span> <span class='ocrx_word' id='word_1_174' title='bbox 473 4441 683 4515; x_wconf 86' lang='lat' dir='ltr'>quemquem</span> <span class='ocrx_word' id='word_1_175' title='bbox 711 4419 801 4490; x_wconf 88' lang='lat' dir='ltr'>seire</span> <span class='ocrx_word' id='word_1_176' title='bbox 830 4442 903 4490; x_wconf 91' lang='lat' dir='ltr'>rem</span> <span class='ocrx_word' id='word_1_177' title='bbox 935 4417 1060 4508; x_wconf 89' lang='lat' dir='ltr'>ullam,</span> <span class='ocrx_word' id='word_1_178' title='bbox 1094 4418 1160 4489; x_wconf 92' lang='lat' dir='ltr'>uisi</span> <span class='ocrx_word' id='word_1_179' title='bbox 1188 4416 1398 4513; x_wconf 78' lang='lat' dir='ltr'>sapientem,</span> 
     </span>
     <span class='ocr_line' id='line_1_24' title="bbox 358 4540 1402 4644; baseline -0.003 -30"><span class='ocrx_word' id='word_1_180' title='bbox 358 4544 512 4615; x_wconf 85' lang='lat' dir='ltr'>etiamsi</span> <span class='ocrx_word' id='word_1_181' title='bbox 537 4540 759 4615; x_wconf 85' lang='lat' dir='ltr'>defenderent</span> <span class='ocrx_word' id='word_1_182' title='bbox 786 4541 841 4612; x_wconf 87' lang='lat' dir='ltr'>vel</span> <span class='ocrx_word' id='word_1_183' title='bbox 865 4542 1086 4637; x_wconf 82' lang='lat' dir='ltr'>insipientem</span> <span class='ocrx_word' id='word_1_184' title='bbox 1112 4541 1220 4613; x_wconf 86' lang='lat' dir='ltr'>multe</span> <span class='ocrx_word' id='word_1_185' title='bbox 1248 4554 1402 4644; x_wconf 80' lang='lat' dir='ltr'>compre-</span> 
     </span>
     <span class='ocr_line' id='line_1_25' title="bbox 357 4664 1400 4762; baseline -0.003 -23"><span class='ocrx_word' id='word_1_186' title='bbox 357 4666 535 4739; x_wconf 88' lang='lat' dir='ltr'>hendere:</span> <span class='ocrx_word' id='word_1_187' title='bbox 563 4698 575 4729; x_wconf 89' lang='lat'>«</span> <span class='ocrx_word' id='word_1_188' title='bbox 597 4670 649 4737; x_wconf 87' lang='lat' dir='ltr'>An</span> <span class='ocrx_word' id='word_1_189' title='bbox 671 4678 859 4762; x_wconf 86' lang='lat' dir='ltr'>pateretur,</span> <span class='ocrx_word' id='word_1_190' title='bbox 893 4667 958 4755; x_wconf 89' lang='lat' dir='ltr'>ait,</span> <span class='ocrx_word' id='word_1_191' title='bbox 988 4665 1054 4737; x_wconf 91' lang='lat' dir='ltr'>hoe</span> <span class='ocrx_word' id='word_1_192' title='bbox 1078 4666 1214 4753; x_wconf 84' lang='lat' dir='ltr'>Zeuxis,</span> <span class='ocrx_word' id='word_1_193' title='bbox 1238 4676 1297 4736; x_wconf 92' lang='lat' dir='ltr'>aut</span> <span class='ocrx_word' id='word_1_194' title='bbox 1315 4664 1400 4737; x_wconf 87' lang='lat' dir='ltr'>Phi-</span> 
     </span>
     <span class='ocr_line' id='line_1_26' title="bbox 357 4788 1401 4887; baseline -0.003 -25"><span class='ocrx_word' id='word_1_195' title='bbox 357 4790 443 4882; x_wconf 88' lang='lat' dir='ltr'>dias,</span> <span class='ocrx_word' id='word_1_196' title='bbox 465 4803 525 4862; x_wconf 84' lang='lat' dir='ltr'>aut</span> <span class='ocrx_word' id='word_1_197' title='bbox 544 4789 752 4887; x_wconf 87' lang='lat' dir='ltr'>Polycletus,</span> <span class='ocrx_word' id='word_1_198' title='bbox 774 4789 860 4862; x_wconf 90' lang='lat' dir='ltr'>nihil</span> <span class='ocrx_word' id='word_1_199' title='bbox 878 4814 914 4861; x_wconf 89' lang='lat' dir='ltr'>se</span> <span class='ocrx_word' id='word_1_200' title='bbox 935 4791 1035 4876; x_wconf 85' lang='lat' dir='ltr'>scire,</span> <span class='ocrx_word' id='word_1_201' title='bbox 1059 4813 1166 4886; x_wconf 91' lang='lat' dir='ltr'>quum</span> <span class='ocrx_word' id='word_1_202' title='bbox 1185 4790 1220 4859; x_wconf 94' lang='lat' dir='ltr'>in</span> <span class='ocrx_word' id='word_1_203' title='bbox 1236 4788 1291 4860; x_wconf 90' lang='lat' dir='ltr'>his</span> <span class='ocrx_word' id='word_1_204' title='bbox 1309 4801 1401 4860; x_wconf 89' lang='lat' dir='ltr'>esset</span> 
     </span>
     <span class='ocr_line' id='line_1_27' title="bbox 357 4890 1448 5009; baseline -0.004 -22"><span class='ocrx_word' id='word_1_205' title='bbox 357 4927 452 4987; x_wconf 87' lang='lat' dir='ltr'>tanta</span> <span class='ocrx_word' id='word_1_206' title='bbox 477 4915 643 4987; x_wconf 85' lang='lat' dir='ltr'>solertia?</span> <span class='ocrx_word' id='word_1_207' title='bbox 665 4915 824 4986; x_wconf 85' lang='lat' dir='ltr'>Profecto</span> <span class='ocrx_word' id='word_1_208' title='bbox 852 4913 1048 4996; x_wconf 85' lang='lat' dir='ltr'>desinerent</span> <span class='ocrx_word' id='word_1_209' title='bbox 1073 4890 1195 5004; x_wconf 89' lang='lat' dir='ltr'>irasci,</span> <span class='ocrx_word' id='word_1_210' title='bbox 1229 4915 1271 5004; x_wconf 91' lang='lat' dir='ltr'>si,</span> <span class='ocrx_word' id='word_1_211' title='bbox 1296 4937 1397 5009; x_wconf 82' lang='lat' dir='ltr'>quam</span> <span class='ocrx_word' id='word_1_212' title='bbox 1441 4960 1448 4975; x_wconf 84' lang='lat'><strong>·</strong></span> 
     </span>
     <span class='ocr_line' id='line_1_28' title="bbox 257 5037 1395 5133; baseline -0.003 -22"><span class='ocrx_word' id='word_1_213' title='bbox 257 5094 259 5097; x_wconf 84' lang='lat'><em>-</em></span> <span class='ocrx_word' id='word_1_214' title='bbox 356 5042 428 5111; x_wconf 90' lang='lat' dir='ltr'>vim</span> <span class='ocrx_word' id='word_1_215' title='bbox 446 5038 573 5111; x_wconf 89' lang='lat' dir='ltr'>habere</span> <span class='ocrx_word' id='word_1_216' title='bbox 596 5038 767 5115; x_wconf 86' lang='lat' dir='ltr'>diceretur</span> <span class='ocrx_word' id='word_1_217' title='bbox 791 5039 954 5125; x_wconf 86' lang='lat' dir='ltr'>scientie,</span> <span class='ocrx_word' id='word_1_218' title='bbox 979 5037 1159 5133; x_wconf 88' lang='lat' dir='ltr'>abaliquo</span> <span class='ocrx_word' id='word_1_219' title='bbox 1186 5037 1355 5110; x_wconf 75' lang='lat' dir='ltr'>audirent</span> <span class='ocrx_word' id='word_1_220' title='bbox 1382 5071 1395 5101; x_wconf 73' lang='lat' dir='ltr'>o</span> 
     </span>
     <span class='ocr_line' id='line_1_29' title="bbox 358 5160 1398 5257; baseline -0.004 -22"><span class='ocrx_word' id='word_1_221' title='bbox 358 5166 429 5235; x_wconf 86' lang='lat' dir='ltr'>Nec</span> <span class='ocrx_word' id='word_1_222' title='bbox 449 5165 604 5235; x_wconf 87' lang='lat' dir='ltr'>Ciceroni</span> <span class='ocrx_word' id='word_1_223' title='bbox 622 5161 760 5257; x_wconf 92' lang='lat' dir='ltr'>quidem</span> <span class='ocrx_word' id='word_1_224' title='bbox 775 5175 1031 5249; x_wconf 86' lang='lat' dir='ltr'>succenserent,</span> <span class='ocrx_word' id='word_1_225' title='bbox 1050 5165 1106 5257; x_wconf 90' lang='lat' dir='ltr'>qui</span> <span class='ocrx_word' id='word_1_226' title='bbox 1127 5161 1162 5232; x_wconf 91' lang='lat' dir='ltr'>id</span> <span class='ocrx_word' id='word_1_227' title='bbox 1178 5160 1287 5253; x_wconf 85' lang='lat' dir='ltr'>tollet,</span> <span class='ocrx_word' id='word_1_228' title='bbox 1306 5160 1398 5257; x_wconf 91' lang='lat' dir='ltr'>quod</span> 
     </span>
    </p>
   </div>
   <div class='ocr_carea' id='block_1_3' title="bbox 398 5437 835 5511">
    <p class='ocr_par' dir='ltr' id='par_1_3' title="bbox 398 5437 835 5511">
     <span class='ocr_line' id='line_1_30' title="bbox 398 5437 835 5511; baseline -0.002 -16"><span class='ocrx_word' id='word_1_229' title='bbox 398 5440 435 5509; x_wconf 77' lang='lat' dir='ltr'>(t)</span> <span class='ocrx_word' id='word_1_230' title='bbox 460 5438 614 5511; x_wconf 72' lang='lat' dir='ltr'>leodem,</span> <span class='ocrx_word' id='word_1_231' title='bbox 632 5437 682 5497; x_wconf 73' lang='lat' dir='ltr'>lilr.</span> <span class='ocrx_word' id='word_1_232' title='bbox 698 5439 732 5509; x_wconf 88' lang='lat' dir='ltr'>ll,</span> <span class='ocrx_word' id='word_1_233' title='bbox 749 5440 777 5494; x_wconf 83' lang='lat'>7.</span> <span class='ocrx_word' id='word_1_234' title='bbox 832 5438 835 5443; x_wconf 82' lang='grc'><strong>’</strong></span> 
     </span>
    </p>
   </div>
   <div class='ocr_carea' id='block_1_4' title="bbox 0 0 1772 7267">
    <p class='ocr_par' dir='ltr' id='par_1_4' title="bbox 0 0 1772 7267">
     <span class='ocr_line' id='line_1_31' title="bbox 0 0 1772 7267; baseline 0 1"><span class='ocrx_word' id='word_1_235' title='bbox 0 0 1772 7267; x_wconf 95' lang='lat' dir='ltr'> </span> 
     </span>
    </p>
   </div>
  </div>
 </body>
</html>
