3534 7267
696 1671 849 1745 sensatur
876 1672 911 1717 u.
941 1671 1084 1717 ruamus.
1367 1652 1414 1721 53

368 1793 630 1867 similitudinem
644 1779 905 1892 gymnasiorum
921 1809 1084 1869 exornent
1106 1796 1190 1868 mihi
1206 1798 1242 1867 in
1254 1777 1415 1893 palaestra

366 1917 519 1991 locum.»
533 1921 721 2016 Postquam
736 1925 964 2017 vemjocatus
986 1931 1038 1991 est
1052 1919 1208 1991 nonnihil
1221 1918 1263 1991 de
1276 1921 1417 2011 Martis,-

367 2040 523 2115 Saturni¹
540 2053 646 2139 atque
684 2044 845 2115 Mercurii
874 2043 983 2141 signis
1003 2045 1075 2136 (l),
1119 2045 1232 2141 pergit
1265 2043 1412 2116 dicendo

367 2169 532 2243 exhedria
554 2169 602 2263 (2')
628 2169 795 2267 quadam.
813 2168 879 2242 sibi
905 2167 1062 2241 instituta
1081 2170 1221 2241 esse'in
1243 2169 1417 2266 porticula·

365 2291 584 2366 Tusculani:
611 2323 624 2355 «
650 2293 704 2364 Ea
728 2291 912 2379 volebam,
943 2293 1074 2388 inquit,
1104 2292 1240 2366 tabellis
1267 2314 1428 2382 omare,

365 2416 505 2506 etenim,
521 2413 646 2511 siquid
660 2415 796 2513 generis
808 2414 909 2486 istius
924 2413 1016 2487 modi
1032 2439 1088 2487 me
1101 2414 1261 2505 delectat,
1276 2417 1412 2513 pictura

364 2538 552 2612 delectat.»
576 2542 660 2628 Quae
685 2538 809 2629 verba,
831 2540 896 2610 etsi
916 2550 997 2611 sunt
1016 2549 1182 2636 tanquam
1203 2539 1410 2613 fastidientis

365 2685 419 2733 res
435 2662 519 2734 istas
537 2672 641 2753 et,.ut
659 2662 815 2752 leviores,
835 2664 1101 2756 contemnentis,
1117 2663 1200 2760 quid
1213 2688 1293 2748 vere
1307 2664 1416 2761 signi-1

352 2786 468 2857 ⁴licent
475 2792 549 2883 jam
568 2786 711 2875 nemini,
729 2785 863 2882 opinor,
887 2786 1076 2859 obscurum
1094 2800 1158 2859 est.

413 2914 501 2983 Cum
513 2912 606 2983 enim
618 2911 761 3008 pessimi
772 2910 863 2983 ciues
877 2935 917 2983 eo
930 2921 1084 3008 tempore
1094 2911 1200 2985 iidem
1213 2925 1248 2985 et
1259 2914 1410 2986 maxime
1436 2945 1439 2949 “

363 3032 531 3107 luxuriosi
548 3046 681 3121 essent,
700 3046 775 3107 tum
795 3045 834 3107 ut
855 3037 1002 3132 quisque
1025 3048 1084 3108 aut
1102 3036 1215 3109 honus
1239 3049 1332 3128 erat,
1350 3049 1415 3110 aut

362 3158 682 3232 bonifamam'sibi
701 3158 860 3256 optabat,
882 3160 933 3231 ita
957 3160 1063 3257 signis
1088 3159 1284 3257 tabulisque
1306 3162 1408 3258 pictis

363 3285 461 3383 quasi
473 3283 603 3356 bellum
615 3282 789 3356 indicebat
808 3310 816 3353 :
838 3281 928 3380 quod
943 3284 1034 3354 inter
1051 3282 1151 3375 alios,
1163 3286 1314 3381 Appium
1332 3305 1416 3357 cens.

362 3432 475 3481 sorem
494 3408 619 3482 fecisse
633 3419 729 3505 patet
743 3433 787 3481 ex
798 3408 948 3504 quadam
968 3411 1016 3480 Μ.
1032 3409 1128 3481 Coelii
1150 3408 1194 3480 ad
1209 3393 1415 3483 Ciceronem

361 3532 509 3628 epistola
519 3534 589 3629 (3).
604 3532 785 3621 Quomodo
799 3544 914 3605 autem
926 3535 1063 3624 Noster,
1082 3557 1163 3606 cum
1179 3558 1234 3606 res
1245 3535 1293 3606 ita
1305 3558 1342 3606 se
1352 3536 1410 3607 ha-

281 3723 285 3733 .
361 3656 494 3748 herent,
505 3657 576 3730 ulla
590 3659 701 3756 signa,
717 3656 806 3729 ullas
820 3657 957 3730 tabulas
968 3657 1035 3730 sibi
1047 3680 1161 3730 emere
1177 3660 1413 3755 sustinuisset,

361 3786 429 3857 nisi
447 3808 527 3881 quae
550 3786 621 3856 suis
640 3783 761 3857 studiis
782 3795 917 3879 tantum
941 3783 1066 3857 idonea
1082 3809 1160 3857 esse
1181 3784 1409 3858 viderentur?
1489 3777 1491 3782 ’

362 3911 441 3982 Fuit
452 3909 609 4007 profecto
619 3909 722 4007 hujus
734 3910 870 4007 generis
887 3921 1001 3982 statua
1017 3908 1076 3998 illa
1088 3910 1253 3999 Platonis,
1267 3921 1410 4007 propter
1450 4010 1453 4016 Δ

400 4247 440 4327 (ἱ)
460 4248 505 4308 De
520 4246 737 4326 trapezophoro
748 4246 835 4325 cujus
848 4245 879 4307 ‘m
889 4244 1134 4325 eademepistola
1143 4261 1255 4307 nomen
1266 4242 1407 4319 occurrit,

360 4344 427 4422 vide
445 4342 527 4406 Vict..
540 4344 583 4405 Le
595 4344 692 4420 (llere,
709 4347 773 4405 not.
790 4345 868 4417 III,
883 4341 923 4403 ad
936 4340 988 4403 lib.
1008 4342 1070 4412 v11,
1084 4344 1147 4417 Ep.
1162 4341 1263 4420 sumit.
1281 4360 1291 4401 .·
1316 4342 1409 4404 «Une

360 4447 470 4515 statue,
483 4446 722 4523 apparemment,
738 4439 791 4521 qui
803 4438 953 4504 soutenait
968 4456 1028 4500 une
1039 4438 1133 4514 table,
1148 4438 1266 4501 suivant
1278 4438 1307 4499 la
1321 4438 1411 4517 signi-

360 4538 479 4601 fication
491 4537 532 4600 du
544 4543 610 4600 mot
622 4556 705 4618 grec.
718 4559 734 4597 a

400 4637 442 4716 (Ξ)
465 4634 1019 4716 aLIeuxpropresl-sereposarsous
1032 4632 1267 4714 des.portiqueS‚
1286 4634 1327 4694 ou
1347 4632 1410 4695 I’on

359 4734 422 4795 voit
435 4740 575 4810 souvent,
589 4733 667 4795 dans
681 4735 725 4795 les
735 4750 884 4811 ouvrages
903 4731 1085 4800 deflictrou
1091 4775 1102 4807 ‚
1116 4730 1189 4811 qu'il
1202 4730 1305 4792 almait
1316 4732 1334 4792 a
1345 4730 1407 4793 for·

361 4850 425 4893 mer
436 4832 491 4893 des
504 4830 731 4895 conversations
745 4836 884 4893 savantes
905 4847 977 4892 avec
999 4828 1054 4890 des
1070 4828 1146 4890 amis
1164 4828 1206 4890 du
1219 4830 1410 4909 memegolrt

359 4928 516 5008 quelui.»
534 4927 667 4989 VictLe
680 4927 879 5003 Clerc,ibi‹l.,
894 4928 1048 4988 noteIltt.
1098 4946 1102 4949 ·
1312 4981 1315 4986 ⁴

402 5026 442 5101 (3)
469 5023 626 5101 Eptjem,
643 5024 683 5084 lib
709 5025 787 5099 VIII,
804 5026 843 5083 tt
859 5041 866 5084 :
885 5022 1115 5103 «ScisrlppIum
1127 5040 1285 5086 censorem
1299 5023 1347 5085 hIc
1360 5042 1409 5085 os-

359 5128 443 5182 tenta
462 5120 580 5182 Iaceret
593 5121 631 5183 de
645 5122 738 5201 signis
750 5127 782 5182 et
794 5119 915 5199 tabulis,
931 5119 970 5181 de
990 5120 1172 5200 agrimodo,
1189 5120 1227 5182 de
1240 5139 1299 5183 aere
1312 5121 1409 5186 alierto

359 5217 506 5279 acerrime
518 5223 628 5297 ageret
638 5221 816 5281 Persuasum
825 5222 872 5289 est
883 5216 923 5291 ei,
936 5235 1097 5280 censuram
1111 5219 1279 5282 lomentum
1292 5224 1345 5281 aut
1361 5219 1407 5279 ni-

354 5319 554 5377 'trumesse...
572 5316 670 5377 Curre
684 5333 739 5396 per
756 5314 832 5377 deos
854 5320 946 5395 atque
966 5314 1114 5389 homines,
1137 5322 1167 5377 ct
1183 5315 1407 5398 quamprimum

360 5411 424 5473 haec
438 5410 532 5473 risum
543 5411 648 5474 veni...
662 5411 794 5493 Appium
808 5410 846 5475 de
862 5411 970 5474 tabulis
986 5418 1017 5475 et
1033 5412 1153 5493 signum
1169 5417 1271 5493 agere!
1289 5435 1304 5470 n
