3534 7267
694 1626 847 1672 sensnum
874 1626 907 1671 u.
934 1624 1079 1673 ruscius.
1360 1604 1407 1675 23
1525 1664 1527 1667 .

342 1777 344 1786 ·
416 1756 470 1827 An
480 1776 561 1828 vern
571 1752 703 1830 Tullius
713 1753 965 1849 reipsacenset,
978 1750 1072 1847 quod
1084 1749 1168 1828 dicit
1181 1751 1247 1825 sibi
1257 1754 1408 1859 manime

366 1878 582 1953 Socraticum
615 1877 784 1976 longeque
809 1878 1028 1953 verissimum
1052 1875 1159 1949 videri
1189 1878 1259 1973 (1),
1284 1900 1407 1973 nempe

365 2003 482 2076 omnia
498 2013 642 2099 peccata
662 2023 739 2074 esse
754 2000 953 2098 pariafnec
977 2000 1091 2074 minus
1109 1998 1307 2097 delinquere
1326 2024 1407 2078 eum

364 2127 425 2227 qni
447 2125 579 2226 gallum
596 2125 845 2224 gallinaceum,
865 2148 947 2200 cum
965 2149 1053 2221 opus
1073 2149 1142 2199 non
1161 2126 1283 2218 luerit,
1302 2150 1407 2224 quam

364 2274 445 2330 oum
458 2253 518 2350 qui
531 2262 666 2347 patrem
681 2249 930 2325 suffocaverit?
941 2250 1048 2346 Atqui
1067 2250 1141 2347 ipse
1156 2262 1278 2324 contra
1292 2252 1406 2348 palam

363 2379 542 2486 protessus
574 2388 695 2454 estse
724 2376 769 2450 ab
799 2374 1032 2449 adolescentia
1058 2374 1219 2448 didicisse
1246 2373 1408 2452 distincta

363 2527 491 2604 genera
516 2526 592 2577 esse
619 2501 823 2586 delictorum
850 2511 886 2572 et
907 2498 1063 2598 dispares
1083 2523 1203 2596 poenas
1228 2501 1294 2594 (2).
1323 2504 1407 2589 Quae

363 2626 433 2700 ista
458 2627 607 2699 mutatio
632 2638 709 2717 est,
738 2626 806 2727 nisi
831 2626 1021 2699 assentatio
1044 2624 1206 2722 quadam
1231 2636 1291 2699 aut
1305 2633 1406 2723 jocus

363 2775 432 2825 non
450 2751 708 2848 inficetus(3)‘l
1004 2816 1006 2819 ,

409 2874 589 2973 Quidquid
606 2886 681 2966 est,
702 2885 739 2949 at
760 2886 854 2947 certe
877 2898 959 2966 nos,
980 2896 1099 2948 veram
1118 2873 1161 2948 de
1183 2876 1291 2974 signis
1309 2876 1408 2951 tabu·
1485 2877 1489 2890 l

363 3002 477 3099 lisque
499 3002 700 3098 opinionem
719 2999 839 3091 Tullii,
861 3023 931 3071 non
950 3000 986 3072 in
1000 2999 1189 3074 Paradoxis
1210 3026 1331 3093 sumus
1353 3027 1407 3074 re·

361 3124 506 3223 parturi.
529 3124 624 3197 Licet
640 3123 733 3196 enim
752 3124 789 3195 in
808 3122 864 3195 his
887 3146 1004 3200 servos
1022 3126 1178 3198 omnium
1197 3127 1406 3225 ineptiarum

362 3270 438 3324 esse
452 3244 585 3345 judicet
603 3245 829 3342 quoscunque
846 3243 1023 3342 stupidos,
1042 3248 1213 3321 intuentes
1233 3247 1407 3323 admiran-

361 3386 482 3471 tesque
509 3370 640 3447 detinet
666 3372 832 3444 Echionis
860 3370 998 3463 tabula,
1021 3381 1082 3443 aut
1105 3372 1243 3469 signum
1268 3371 1406 3470 aliquod

362 3497 547 3596 Polycleti;
563 3498 646 3572 licet
660 3521 730 3570 aera
748 3495 963 3569 corinthiaco
974 3493 1057 3569 velit
1070 3494 1190 3568 haberi
1206 3507 1244 3569 ut
1255 3492 1406 3571 oblecta-

361 3633 479 3694 menta
495 3644 682 3717 puerorum
702 3621 750 3715 (4)
770 3647 778 3691 :
800 3632 882 3693 sunt
900 3618 1038 3717 quidem
1056 3619 1111 3693 hae
1131 3622 1309 3699 sententiae
1324 3622 1402 3709 viri,

269 3772 271 3774 ·
361 3767 430 3817 non
441 3769 544 3842 quom
555 3746 714 3823 novimus
726 3743 988 3835 Academicum,
1006 3747 1101 3818 omni
1115 3731 1319 3820 Grmoorum
1333 3758 1405 3823 arte

361 3882 397 3944 et
412 3871 570 3948 doctrina
584 3871 774 3960 excultum,
792 3870 853 3944 sed
871 3873 931 3969 qui
951 3869 1099 3944 adducto
1114 3868 1299 3968 supercilio
1313 3869 1405 3966 apud

359 4020 443 4070 suos
457 3996 549 4070 cives
567 3997 806 4070 auctoritatem
826 4008 1030 4093 aucupetur.

410 4118 501 4207 Quid
519 4129 635 4193 autern
661 4142 703 4192 ex
730 4121 846 4191 animo
871 4118 994 4192 dixerit
1015 4120 1155 4209 Noster,
1172 4117 1208 4190 in
1227 4116 1324 4223 libris
1344 4119 1404 4216 qui

359 4242 555 4340 deOsficirr
565 4243 813 4331 inscribuntur,
826 4243 920 4317 haud
933 4243 1034 4318 facile
1047 4242 1235 4333 discernas,
1245 4245 1404 4339 quamvis

358 4373 481 4441 auctor
501 4368 576 4463 ipse
600 4368 773 4440 monuerit
791 4390 841 4459 se,
866 4368 904 4439 in
928 4366 995 4439 hac
1019 4367 1219 4463 quaestione,
1244 4379 1403 4441 secutum

358 4492 580 4589 potissimum
594 4492 742 4584 Stoicos,
754 4516 824 4565 non
836 4502 875 4565 ut
890 4493 1114 4589 interpretem
1133 4491 1205 4578 sed,
1217 4517 1312 4565 more
1323 4519 1399 4587 suo,

317 4613 319 4616 ’
357 4641 378 4689 e
409 4615 562 4690 lontibus
584 4640 723 4708 eorum,
747 4615 877 4714 judicio
906 4615 1117 4713 arbitrioque
1145 4642 1208 4690 suo
1236 4629 1403 4715 quantum

399 4994 440 5068 (l)
461 4992 604 5071 Praesot„
620 4997 651 5055 l.

400 5092 441 5168 (2)
461 5093 524 5151 Pro
538 5092 676 5163 Moretur,
695 5094 788 5168 XXX,
802 5095 853 5155 63.

400 5193 439 5267 (3(
457 5189 569 5267 Pracf„
580 5193 702 5253 Porod.
724 5192 890 5269 «Egovero
901 5190 952 5252 illa
963 5192 1040 5271 ipsa,
1052 5209 1120 5271 quae
1135 5191 1183 5253 vix
1197 5191 1227 5252 in
1240 5193 1402 5272 gymnasiis

358 5292 391 5347 et
403 5284 435 5346 in
445 5285 508 5347 otio
525 5285 609 5348 stoici
623 5285 765 5366 probant,
779 5285 888 5349 ludens
897 5286 1013 5367 conjeci
1025 5287 1054 5349 iu
1065 5305 1242 5354 communes
1256 5289 1376 5352 locos.»

399 5384 439 5456 (ll
462 5384 591 5458 Parod„
606 5384 642 5457 V,
656 5386 702 5443 37.
