3534 7267
691 1699 844 1747 snusnnrr
869 1700 905 1746 u.
935 1700 1081 1749 ruimus.
1359 1678 1404 1747 73

274 1821 276 1827 ’
363 1807 458 1900 mina
475 1828 511 1899 in
527 1826 699 1899 Ciceronis
716 1827 879 1924 operibus
894 1828 1217 1928 semelcccnrrunt.
1239 1829 1329 1902 Satis
1342 1831 1406 1902 erit

363 1953 463 2025 nobis
481 1953 512 2024 si
532 1952 608 2026 haec
627 1954 743 2026 omnia
764 1953 814 2024 ita
833 1953 1117 2046 concluserimns,
1137 1965 1188 2047 ut,
1207 1978 1287 2026 cum
1304 1954 1405 2027 Tullii
1450 2022 1457 2036 ,

363 2102 483 2150 sensus
499 2076 541 2149 dc
560 2078 667 2176 signis
681 2078 876 2173 tabnbsqne
888 2078 1010 2174 pictis,
1029 2078 1087 2175 qui
1100 2076 1240 2171 fuerint,
1256 2061 1404 2175 exquiri-

362 2216 460 2294 mus,
477 2200 651 2273 fateamur
664 2224 743 2274 eum
757 2200 899 2299 opifices
910 2200 967 2273 vel
982 2201 1136 2299 egregios
1150 2225 1219 2273 non
1233 2202 1269 2273 in
1282 2201 1404 2275 eodem

362 2324 479 2397 ordine
493 2325 657 2399 habuisse
672 2336 776 2423 atque
790 2331 911 2422 poetas
933 2335 993 2397 aut
1010 2327 1203 2423 praesertim
1222 2337 1375 2400 oratores
1393 2357 1401 2399 ε

363 2449 429 2539 Qui
457 2460 577 2522 contra
607 2460 706 2547 putat
729 2449 781 2546 (1)
816 2480 828 2513 ιι
858 2449 1009 2524 artifices
1036 2452 1191 2548 corporis
1219 2452 1406 2526 simulacra
1497 2489 1499 2496 ·

361 2578 486 2675 ignotis
507 2589 589 2651 nota
612 2579 727 2651 facere
752 2607 760 2648 ε
785 2602 862 2675 quae
886 2577 941 2650 vel
968 2579 998 2650 si
1023 2576 1118 2650 nulla
1136 2590 1272 2670 essent,
1297 2579 1404 2651 nihilo

363 2714 443 2774 sunt
464 2714 582 2775 tamen
597 2704 817 2776 obscuriores
832 2702 917 2775 clari
935 2703 1015 2774 riri.
1031 2704 1151 2801 Neque
1176 2704 1269 2776 enim
1289 2688 1404 2777 minus

362 2838 416 2899 est
437 2828 627 2953 Spartiates
648 2826 829 2926 Agesilaus
855 2826 913 2900 ille
938 2826 1189 2925 perhibendns,
1216 2828 1276 2926 qui
1293 2851 1405 2924 neque

360 2952 489 3047 pictam
507 2975 619 3048 neque
634 2951 752 3024 fictam
772 2953 960 3051 imaginem
980 2976 1078 3025 suam
1097 2974 1219 3050 passus
1237 2964 1402 3045 estesse,

361 3099 465 3170 quam
484 3078 591 3173 quiin
605 3101 645 3149 eo
660 3099 783 3174 genere
806 3075 1040 3149 elaborarunt.
1060 3079 1155 3149 Unus
1173 3077 1266 3148 enim
1294 3080 1418 3149 Xeno·

360 3200 498 3295 phontis
526 3199 683 3292 libellus,
713 3202 749 3271 in
770 3224 811 3272 eo
838 3224 919 3298 rege
942 3198 1133 3292 laudando,
1163 3199 1267 3272 facile
1283 3224 1403 3273 omnes

360 3326 528 3423 imagines
547 3324 727 3397 hominum
743 3336 947 3422 statuasque
962 3325 1138 3420 superarit
1150 3326 1217 3422 (2).
1238 3357 1250 3390 »

410 3450 646 3537 Quamobrem
675 3451 749 3547 ipse
768 3473 849 3521 cum
868 3448 1051 3522 Tulliolam
1076 3472 1176 3521 suam
1193 3448 1338 3547 lugeret,
1370 3460 1405 3523 et

361 3575 482 3647 fanum
500 3575 581 3647 huic
599 3577 728 3647 exstrui
745 3574 848 3648 vellet
865 3573 959 3671 quod
978 3574 1126 3671 sepulcri
1144 3572 1403 3647 similitudinem

361 3700 530 3797 eflugeret
544 3713 577 3771 et
592 3700 685 3773 Chiis
703 3700 871 3772 columnis
887 3711 1066 3772 ornaretur
1081 3699 1147 3797 (3),
1168 3723 1238 3771 non
1255 3698 1405 3797 imagine

360 3822 499 3920 quidem
515 3823 603 3895 filiae·
615 3824 771 3896 dolorem
792 3847 895 3897 suum
916 3823 1021 3898 lenire
1046 3826 1226 3923 cogitavit3
1249 3826 1404 3898 omnium
1429 3889 1432 3896 .

359 3972 442 4020 vero
464 3950 614 4044 respexit
635 3950 772 4047 ingenia
798 3951 1003 4047 scriptorum
1027 3937 1278 4048 et'graecorum
1303 3960 1337 4021 et
1355 3949 1405 4021 la-

360 4073 531 4162 tinorum,
566 4084 604 4144 ut
643 4079 716 4170 eJus
752 4075 959 4145 memoriam
988 4085 1207 4147 consecraret
1234 4073 1298 4169 (4).
1331 4076 1404 4148 Nec

359 4198 533 4269 immerito
571 4198 728 4270 hercule!
766 4222 847 4270 nam
875 4198 1006 4296 Apellis
1036 4198 1177 4296 quidem
1206 4210 1240 4272 et
1264 4200 1404 4297 Lysippi

361 4334 394 4394 et
428 4322 591 4419 Polycleti
636 4334 670 4394 et
711 4322 842 4396 Phidia
871 4349 977 4421 opera
1014 4338 1073 4398 aut
1111 4323 1207 4397 nulla
1253 4335 1313 4396 aut
1346 4326 1415 4397 vix'

322 4511 325 4518 .
360 4446 493 4543 integra
521 4457 726 4540 supersunt3
749 4459 887 4520 exstant
903 4472 984 4522 vero
1001 4449 1056 4521 vel
1073 4449 1226 4546 epistolae
1249 4449 1293 4521 ad
1316 4450 1404 4521 Atti·
1488 4468 1489 4471 ’

399 4953 440 5028 (l)
462 4953 563 5027 Epist.
585 4954 627 5014 cd
640 4933 714 5015 Dic}
728 4956 767 5029 V,
783 4957 832 5029 lu,
848 4956 883 5016 L.
900 4957 1034 5016 Lucceio.

399 5052 442 5127 (2)
463 5049 539 5112 Vide
552 5057 657 5114 contra
668 5072 725 5131 pro
735 5055 861 5132 Archia,
878 5056 916 5115 lh
932 5073 940 5115 :
960 5076 976 5113 «
986 5055 1107 5117 Statuas
1122 5060 1153 5117 et
1168 5054 1325 5134 imagines,
1340 5071 1402 5115 non

359 5145 528 5208 animorum
540 5148 699 5211 simulacra
713 5151 767 5214 sed
778 5169 954 5233 corporum,
973 5151 1106 5214 studiose
1118 5150 1205 5214 multi
1219 5149 1328 5214 summi
1348 5150 1402 5212 bo·

358 5242 456 5305 mines
469 5244 665 5326 reliquerunt.
683 5268 698 5304 s

401 5343 442 5418 (3)
463 5344 514 5404 Au
531 5346 621 5414 Attio,
640 5346 703 5422 ΧΗ,
722 5351 768 5407 to.

398 5440 437 5517 (l)
462 5442 553 5517 lota,
571 5445 614 5503 l8.
