3534 7267
360 1698 407 1764 bt
744 1713 820 1769 onio
846 1714 887 1760 ou
913 1711 1014 1761 sionis

360 1855 400 1915 ut
428 1852 552 1937 putent
571 1841 681 1932 multi,
705 1854 903 1914 nostrorum
930 1837 1112 1910 artificum·
1124 1839 1302 1934 praecipuu
1330 1850 1400 1909 stat

359 1967 480 2038 virtus.
501 1968 682 2063 Nusquam
697 1968 790 2038 eniin
809 1965 945 2061 reperio
964 1956 1135 2053 Tullium,¹
1148 1961 1242 2058 quod
1268 1962 1399 2036 Plinius

360 2092 432 2180 ait,
446 2087 643 2180 credidisse,
662 2113 786 2186 nempe
809 2121 823 2154 α
843 2087 1095 2161 sublimitatem
1112 2086 1257 2183 picturm
1274 2109 1350 2158 esse
1369 2087 1399 2157 si

359 2213 439 2311 quis
465 2224 619 2285 extrema
643 2237 826 2311 corporum
854 2212 961 2284 faciat
988 2222 1023 2282 et
1040 2208 1229 2282 desinentis
1254 2211 1399 2306 picturae
1481 2233 1489 2252 ¹

360 2335 503 2408 modum
516 2335 683 2410 includat.
707 2370 719 2402 a
741 2339 832 2412 Nam
854 2334 1013 2408 Zeuxidis
1032 2345 1067 2407 et
1085 2333 1266 2432 Polygnoti
1286 2346 1321 2406 et
1342 2335 1400 2405 Ti·

359 2460 512 2534 mantbis
530 2460 660 2534 formas
679 2459 818 2558 quidem
837 2471 871 2533 et
888 2460 1099 2532 bncemente
1117 2456 1261 2549 laudat,
1275 2455 1337 2529 sed
1363 2458 1399 2532 in

360 2586 527 2678 Echione,
550 2586 775 2676 Nicomacho,
795 2588 998 2683 Protogene,
1017 2582 1147 2679 Apelle,
1158 2588 1232 2679 jam
1246 2582 1400 2678 perfecta

359 2733 436 2782 esse
450 2711 567 2782 omnis
580 2710 723 2809 judicat.
745 2711 835 2800 Quin
849 2709 925 2782 haec
953 2740 973 2772 o¹
988 2708 1116 2799 omnia,
1142 2740 1155 2772 o
1174 2718 1216 2778 ut
1230 2705 1399 2802 quasdam

361 2832 446 2905 alias
465 2835 628 2925 virtutes,
649 2835 747 2906 itaet
764 2832 919 2906 colorum
937 2832 1115 2903 meborem
1141 2854 1242 2902 usum
1269 2831 1399 2927 signifi-

360 2958 613 3049 contuemini,
638 2955 762 3049 credo,
782 2956 927 3029 dubium
942 2956 1019 3048 erit,
1041 2957 1233 3053 praesertim
1250 2955 1402 3028 animod-

359 3081 515 3172 vertenti,
543 3104 627 3178 quos
645 3083 796 3154 maxime
811 3082 941 3180 probat.
953 3085 1081 3156 Noster
1099 3080 1247 3153 artifices
1265 3079 1399 3153 tabida·

359 3230 452 3298 rum,
471 3229 592 3277 omnes
609 3230 679 3277 non
697 3217 862 3303 quattuor
873 3205 1046 3279 coloribus
1060 3217 1252 3296 contentos,
1271 3229 1400 3278 novum

359 3328 673 3427 aliquid'invenisse
698 3330 791 3428 quod
806 3325 883 3404 'non‘
895 3356 939 3403 ex
955 3330 1043 3403 albis
1069 3330 1217 3419 Melino,
1228 3352 1339 3425 neque
1357 3352 1400 3401 ex

361 3456 496 3528 silaceis
505 3456 631 3546 Attico,
643 3479 756 3553 neque
769 3456 935 3529 exrnbris
952 3453 1114 3551 Sinopide
1123 3455 1277 3546 Pontica,
1289 3476 1400 3550 oeque

360 3604 402 3652 ex
426 3580 534 3676 nigris
559 3590 751 3653 atramento
769 3580 843 3651 fieri
862 3592 991 3677 posset.
1017 3582 1107 3655 Nam
1125 3577 1319 3650 Echione
1339 3577 1402 3651 Ni·
1502 3594 1505 3599 ·

359 3702 548 3774 comocbus
561 3702 649 3774 ceris
659 3702 860 3799 pingebant,
876 3712 916 3773 ut
933 3700 1156 3798 plerumque,
1170 3724 1211 3772 ec
1230 3700 1401 3797 picturam

359 3825 559 3916 inurebant,
594 3824 685 3922 quod
713 3825 758 3898 ab
787 3849 857 3897 uno
883 3848 902 3896 e
930 3826 1179 3899 vetustioribus
1192 3822 1401 3897 ..artificibus

361 3948 494 4021 laetum
512 3948 618 4020 luisse
633 3948 820 4047 Polygnoto
835 3949 970 4021 Plinius.
982 3942 1160 4035 affirmat(
1187 3949 1215 4045 ).

410 4075 520 4145 lmmo
537 4097 621 4146 vero
637 4077 845 4172 Protogenes
866 4084 988 4170 quater
1006 4073 1116 4172 lalyso
1135 4071 1285 4145 colorem
1305 4070 1404 4145 iudu-

361 4198 476 4290 cebut,
497 4221 574 4295 quae
590 4196 731 4293 quidem
748 4196 912 4296 pingendi
934 4198 1022 4270 ratio
1040 4199 1098 4269 vix
1121 4222 1143 4269 a
1161 4196 1261 4270 nobis
1279 4194 1403 4267 intelli·

361 4323 466 4419 gitur,
480 4320 635 4393 subsidio
650 4322 782 4395 scilicet
799 4325 933 4421 inJ‘uriae
946 4346 987 4395 ac
1003 4322 1198 4395 vetustatis.
1216 4323 1268 4392 Do
1285 4318 1400 4416 Apelle
1505 4380 1507 4384 .

357 4452 436 4543 jam
448 4455 569 4517 notum
585 4456 638 4517 est
655 4469 725 4541 quo
740 4457 933 4519 atramento
948 4456 1116 4519 uteretur.
1137 4447 1222 4516 Haec
1241 4467 1324 4544 vero
1341 4467 1402 4516 cu·

358 4578 564 4669 juscumque
582 4567 675 4642 modi
697 4569 857 4662 artificia,
872 4568 1004 4667 Judicio
1020 4569 1134 4662 Tullii,
1147 4569 1303 4647 ‚multum
1323 4592 1405 4640 con·

363 4692 525 4765 tulerunt
540 4691 583 4764 ed
615 4716 756 4765 omnem
782 4694 980 4767 tabularum
1010 4668 1302 4792 pulchritudinem
1326 4716 1405 4789 qum

363 4795 434 4884 non
447 4825 582 4885 tantum
596 4813 775 4904 linearum,
799 4814 857 4887 sod
877 4818 982 4889 etiam
1002 4818 1157 4890 colorum
1172 4829 1313 4923 aspectu
1331 4817 1406 4913 elli·

350 4938 465 5012 citur.
495 4935 585 5024 Quid
612 4936 654 5010 de
682 4937 749 5010 boc
779 4940 855 5035 ipso
889 4942 1041 5016 sentiret,
1055 4939 1314 5038 intelligendum
1339 4952 1402 5033 est,

404 5170 445 5245 (l)
469 5165 519 5226 «ΙΙ
538 5183 577 5227 ne
599 5182 676 5228 nous
694 5174 772 5229 reste
788 5186 906 5231 aucune
930 5169 1039 5238 deces
1062 5169 1215 5251 peintnres
1232 5169 1406 5251 antiquese
1425 5229 1427 5233 ,

363 5262 590 5345 l'encsustique.
609 5266 650 5325 Le
662 5264 794 5345 procede
807 5265 882 5328 dont
893 5268 938 5329 les
954 5267 1075 5334 enciens
1086 5286 1119 5329 se
1130 5267 1276 5332 servaient
1289 5271 1340 5330 n'c.
1352 5287 1407 5349 pas

364 5364 463 5423 rueme
478 5360 685 5421 eteretrouve
697 5359 794 5421 .d'une
805 5361 938 5425 meniere
952 5363 1124 5431 certeine.»
1140 5362 1246 5441 Milic,
1263 5366 1337 5425 uui.
1352 5366 1406 5426 des

364 5463 549 5533 teano-aru,
568 5463 642 5520 torn.
663 5459 692 5535 l,
713 5477 742 5538 p.
760 5460 829 5519 529.
