3534 7267
678 1751 833 1798 sensatur
860 1753 895 1797 a.
924 1752 1073 1799 ruamus.
1353 1738 1398 1804 te

358 1878 555 1968 didicisset,
587 1885 746 1975 nunejus
771 1889 851 1951 sunt
878 1880 1014 1977 generis
1040 1878 1141 1976 quod,
1156 1881 1400 1978 arsqnaedam

358 2014 453 2074 certa
469 2026 510 2075 ac
522 2000 667 2075 'defimta
686 2001 753 2075 sibi
768 2002 934 2075 vindicet.
1121 2057 1127 2097 ,
1335 2063 1352 2076 Ι

336 2117 339 2121 ⁸
409 2126 599 2224 Aliquando
619 2127 724 2199 etiam
747 2130 874 2202 Noster
897 2128 1035 2225 signum
1054 2128 1193 2225 aliquod
1212 2128 1404 2225 pulcherri-

360 2278 458 2332 mum
486 2264 547 2326 aut
570 2251 724 2325 nobilem
737 2252 937 2356 ¹quamdam
958 2252 1113 2326 tabulam
1140 2254 1401 2347 chiterinnnit,

361 2379 459 2474 quasi
480 2355 647 2475 ejusmodi
675 2401 780 2474 opera
804 2400 941 2475 semper
966 2380 1080 2450 animo
1105 2379 1241 2477 objecta
1262 2380 1402 2456 habeat.

362 2506 451 2575 Tum
483 2504 575 2575 enim
597 2501 837 2593 Timanthem,
865 2501 1014 2597 exempli
1041 2502 1174 2600 gratia,
1201 2503 1324 2597 affert,
1345 2507 1406 2602 qui

361 2626 613 2700 obvolvendum
639 2638 745 2724 capnt
764 2627 1131 2724 Agamemnonisesse
1149 2629 1297 2722 censuit,
1320 2653 1407 2726 quo-

363 2755 466 2826 niam.
479 2752 576 2827 illum
599 2752 732 2824 luctum
750 2751 911 2849 penicillo
935 2776 1004 2824 non
1026 2751 1406 2850 poterat.imitari'(l);

363 2891 439 2953 tum
456 2877 586 2956 Phidia
605 2878 783 2976 Clypeum,
807 2902 913 2975 quern
933 2879 964 2949 si
981 2879 1058 2975 quis
1073 2876 1280 2972 dissolverit,
1306 2878 1410 2952 collo-

301 3012 303 3014 ’
363 3004 509 3075 cationis
527 3004 724 3075 universam
738 3003 888 3099 speeiem
903 3001 1093 3094 sustulerit,
1106 3026 1176 3074 non
1196 3004 1410 3101 singulorum

364 3137 746 3221 operumvenustatem
762 3126 834 3222 (2);
859 3136 932 3198 tum
953 3123 1100 3223 denique
1126 3129 1296 3206 Venerem
1316 3126 1411 3201 illam

365 3256 463 3347 cujus
475 3237 863 3346 nemopictorinventus
874 3260 965 3321 esset
977 3250 1048 3345 qni,
1061 3260 1294 3344 campartem,
1306 3274 1411 3347 qnam
1499 3289 1502 3294 ·

366 3370 502 3471 Apelles
524 3374 723 3445 inchoatam
750 3373 970 3468 reliquisset,
1001 3384 1120 3469 posset
1142 3373 1320 3448 absolvere
1344 3353 1419 3471 (dt‘

414 3502 493 3575 Non
511 3501 593 3571 item
612 3522 688 3571 esse
707 3498 755 3569 ait
774 3497 817 3571 de
837 3497 972 3590 Phidia,
990 3500 1048 3595 qui
1065 3510 1179 3594 potest
1199 3524 1220 3571 a
1240 3501 1412 3599 principio

366 3626 546 3698 instituere
570 3626 709 3722 siguum
734 3622 837 3720 idque
863 3623 1042 3720 perficere,
1067 3635 1180 3722 potest
1198 3624 1243 3697 ab
1269 3624 1335 3699 alio
1360 3628 1413 3699 in-

365 3752 528 3824 choatum
547 3752 706 3847 accipere
721 3760 754 3821 et
772 3748 951 3822 absolvere
978 3751 990 3842 (
1016 3753 1043 3843 ).

411 3956 450 4033 (l)
475 3955 574 4029 Orat,
591 3954 683 4025 XXII,
700 3955 749 4014 tl.
1332 4012 1335 4015 ⁴

408 4052 447 4132 (2)
472 4052 572 4127 Orat,
586 4051 689 4128 LXXI,
702 4052 775 4127 234,
787 4056 818 4109 et
831 4049 869 4109 de
884 4049 986 4125 Orat,
1000 4049 1039 4125 Π,
1055 4052 1093 4110 ¹13
1107 4066 1116 4109 ε
1135 4069 1150 4107 r
1164 4049 1198 4108 ln
1210 4046 1257 4109 his
1273 4048 1416 4129 operibus

368 4147 394 4209 si
406 4146 473 4229 quis
486 4147 570 4209 illam
581 4153 679 4209 artem
697 4144 976 4227 comprehenderit,
998 4151 1032 4207 ut
1051 4150 1194 4225 tanquam
1210 4144 1415 4223 miliaqui-

369 4263 468 4308 nervae
490 4244 611 4325 signnm
627 4242 758 4306 <efficere
779 4242 875 4323 possit
895 4260 986 4307 :uon
1001 4260 1072 4305 sane
1086 4240 1360 4322 quemadmodum,
1382 4250 1417 4308 ut
1506 4259 1513 4270 ·

368 4342 400 4403 in
416 4343 528 4423 Clypeo
542 4340 624 4403 idem
644 4340 696 4403 ille
723 4339 842 4416 artilex,
864 4338 982 4403 minora
996 4338 1048 4401 illa
1068 4357 1162 4421 opera
1181 4339 1280 4401 facere
1302 4340 1415 4416 discat,

368 4439 556 4503 laborabit.»
1236 4494 1240 4500 ,

411 4536 450 4615 (3)
475 4540 518 4597 De
533 4534 660 4613 Officiis,
674 4534 727 4596 lib.
742 4535 794 4611 ΙΙΙ,
806 4537 838 4612 2,
857 4538 919 4597 10:
942 4534 1031 4597 «Oris
1044 4534 1124 4606 enim
1138 4533 1330 4616 pulchritudo
1344 4537 1416 4599 reli-

370 4634 423 4714 qui
437 4632 574 4716 oorporis
585 4632 721 4695 imitandi
741 4651 828 4715 spem
855 4632 1049 4695 auferebat.»
1066 4630 1141 4694 Vide
1152 4631 1244 4694 etiarn
1256 4636 1359 4711 Epist.
1375 4636 1417 4699 ad
1498 4660 1503 4666 ·

373 4735 529 4807 Diversus,
544 4734 570 4807 Ι,
583 4750 633 4814 ep.
649 4733 701 4807 IX,
723 4736 767 4794 l:
795 4732 912 4794 «Nune
930 4737 964 4793 ut
982 4730 1103 4812 Apelles
1129 4729 1253 4815 Veneris
1275 4738 1367 4812 caput
1387 4740 1418 4794 et

370 4848 491 4892 summa
502 4830 632 4910 pectoris
646 4828 824 4911 politissima
838 4833 903 4890 arte
915 4827 1053 4909 perfecit,
1067 4827 1214 4907 reliquam
1223 4835 1341 4909 partem
1352 4848 1419 4893 cor-

372 4924 453 5005 pon‘s
475 4925 646 4987 inchoatam
661 4924 796 5005 reliquit,
811 4924 855 4987 sie
876 4924 1000 5006 quidam
1020 4924 1159 4986 homines
1181 4924 1325 5007 incapite
1349 4945 1418 4992 meo

371 5022 473 5084 solum
484 5020 688 5098 elaborarunt,
703 5022 856 5103 reliquum
872 5040 983 5103 corpus
996 5021 1207 5103 imperfectum
1219 5040 1254 5084 ac
1266 5023 1340 5087 rude
1351 5026 1420 5087 reli·

373 5114 515 5201 querunt.
529 5140 544 5177 a
569 5121 614 5184 De
627 5122 699 5180 Nat.
711 5120 811 5197 ἄιον,
823 5120 848 5195 Ι,
862 5122 922 5181 t'l:
942 5142 957 5179 u
971 5118 1112 5191 Dicemus
1126 5137 1199 5199 ergo
1219 5119 1300 5182 idem
1306 5167 1317 5198 ,
1337 5123 1420 5203 quod

373 5214 405 5276 in'
412 5217 532 5277 Venere
542 5216 621 5295 Coa;
634 5234 744 5298 corpus
755 5214 898 5278 iiludnon
912 5220 969 5293 est,
982 5215 1036 5278 sed
1047 5215 1288 5299 similecorpori3
1300 5237 1357 5280 uec
1369 5220 1420 5283 illa

374 5314 470 5393 fusus,
488 5317 519 5376 et
529 5314 661 5376 candore
680 5314 793 5376 mixtus
806 5312 908 5389 rubor,
922 5313 1043 5395 sanguis
1058 5307 1119 5393 est,
1130 5315 1184 5376 sed
1201 5314 1338 5395 quaedam
1352 5335 1420 5379 san·
1442 5348 1443 5351 ¹

375 5412 475 5492 guinis
487 5412 661 5477 similitudo.
678 5434 693 5470 u

415 5514 456 5589 (i)
484 5513 526 5573 De
539 5512 677 5585 Finibus,
696 5512 744 5585 ΙΙΙ,
764 5530 841 5585 xur,
858 5511 907 5569 tt.
