3534 7267
645 1774 798 1822 sarsana
824 1778 860 1825 u.
889 1775 1035 1824 rotatus.
1323 1757 1364 1826 17
1427 1800 1428 1804 =

320 1899 500 1974 videbatur
520 1902 568 1993 (1)
590 1931 603 1964 ι»
628 1903 834 1974 sententiam
856 1902 1093 2004 sequebantur
1116 1906 1165 1975 M.
1179 1895 1293 1976 Porcii
1307 1908 1368 1977 Ca-

320 2025 426 2117 tonis,
444 2025 504 2121 qui
516 2025 644 2098 infesta
657 2027 755 2123 signa
769 2017 1006 2124 ab,Syraonsis
1020 2027 1115 2099 illata
1133 2033 1367 2102 esseRomam

321 2161 503 2222 censuerat
519 2150 594 2243 (2).
608 2152 680 2234 Nee
694 2173 775 2222 vero
794 2152 991 2246 pauciores,
1009 2153 1191 2248 unguentis
1207 2150 1369 2225 diffluen-

320 2283 385 2364 tes,
401 2271 639 2344 calamistrata
656 2295 769 2365 roma,
783 2274 857 2369 qui,
871 2284 1012 2369 propter
1024 2274 1203 2367 mitellam,
1215 2277 1368 2350 tunicam

320 2397 477 2487 talarem,
498 2396 657 2493 pallium,
679 2395 849 2493 crepidas,
868 2396 1011 2495 graeeuli
1034 2409 1094 2469 aut
1115 2399 1288 2497 elegantes
1309 2426 1369 2474 vo·
1392 2469 1395 2480 ,

319 2519 500 2613 dabantur,
522 2520 633 2612 villas,
655 2523 691 2592 in
712 2521 851 2594 urbium
872 2520 1016 2594 modum
1036 2521 1235 2617 adificatas,
1261 2527 1368 2625 signis

320 2642 516 2743 tabulisque
536 2647 640 2742 pictis
657 2645 882 2736 exornabant,
906 2657 952 2738 et,
970 2649 1001 2718 si
1018 2646 1102 2743 quid
1117 2650 1153 2719 in
1171 2650 1226 2721 his
1247 2650 1370 2723 intelli-

319 2789 398 2869 gere
420 2772 711 2857 existimarentur,
728 2770 826 2843 valde
844 2783 943 2843 erant
960 2771 1131 2846 delectati.

322 3020 376 3089 ΙΙΙ.
394 3058 442 3071 —-
461 3042 500 3089 u.
520 3042 651 3090 rutatos
671 3044 706 3091 iu
728 3044 821 3091 iaris
844 3045 998 3093 ornamus
1019 3048 1217 3097 asrintnnrs
1235 3050 1366 3099 sro1cos

748 3168 935 3217 naumann.

366 3395 467 3467 Nune
489 3405 606 3464 autem
629 3393 912 3487 operaepretium
933 3403 986 3464 est
1005 3392 1120 3465 disere
1142 3419 1231 3490 quas
1249 3410 1366 3494 partes

320 3518 425 3590 fuerit
436 3518 616 3614 amplexus
628 3520 677 3592 M.
694 3518 837 3607 Tullius,
850 3518 910 3613 qui
926 3541 1038 3615 neque
1052 3520 1192 3591 omnino
1208 3523 1366 3595 curiosus

320 3656 354 3717 et
370 3644 508 3741 elegans
521 3642 642 3716 haberi
659 3640 780 3733 voluit,
798 3666 861 3714 neo
878 3654 995 3749 tamen
1014 3668 1050 3715 se
1064 3643 1208 3718 idiotam
1226 3652 1366 3721 aVerre

227 3807 240 3836 ·
321 3768 532 3867 ap'pellatum
548 3792 623 3840 esse
638 3791 738 3863 asquo
755 3768 871 3840 animo
880 3792 1005 3865 passus
1029 3781 1094 3842 est.
1111 3772 1211 3859 Quod
1226 3776 1365 3871 quidem
1494 3831 1498 3836 .
1527 3823 1530 3830 -

319 3887 477 3967 curiosus
496 3906 531 3964 et
545 3892 682 3990 elegans
699 3891 823 3965 haberi
836 3892 997 3985 noluerit,
1020 3894 1087 3966 hoe
1104 3920 1175 3968 non
1191 3898 1303 3970 solum
1323 3924 1366 3972 ex

321 4019 432 4114 ipsius
453 4016 567 4089 verbis
581 4027 674 4111 patet
688 4011 816 4110 quihus
833 4018 1024 4090 insectatur
1041 4041 1100 4089 eos
1118 4021 1177 4114 qui
1191 4018 1282 4092 hane
1301 4023 1367 4095 ele·

320 4144 446 4241 gantiae
469 4141 601 4213 famam
623 4139 912 4236 sibiquaerebant
929 4141 994 4236 (3),
1020 4141 1202 4215 sedetiam
1225 4169 1267 4217 ex
1288 4147 1365 4242 ipsa

319 4262 379 4341 illa
400 4266 576 4366 diligentia
598 4289 667 4363 qna
691 4259 863 4362 praecavet
887 4288 930 4335 ne
952 4265 1007 4337 his
1033 4266 1136 4341 rebus
1155 4268 1281 4364 quibus
1306 4271 1365 4342 isti

319 4374 529 4464 delectantur
544 4391 607 4482 (4),
621 4386 784 4460 eruditior
795 4384 871 4459 esse
884 4386 1054 4460 videatur.
1072 4388 1170 4477 Quod
1180 4413 1261 4464 vero
1275 4415 1364 4489 agre

320 4514 410 4586 ferat
424 4537 461 4585 se
480 4511 623 4583 idiotam
638 4511 744 4583 fuisse
763 4510 988 4607 appellatum,
1009 4511 1046 4582 id
1067 4515 1171 4585 etiam
1189 4515 1365 4612 cognosci-

359 4826 398 4903 (l)
420 4826 483 4885 Pro
495 4824 612 4897 Sentio,
625 4820 703 4897 Vlll,
720 4824 770 4882 13.
1282 4853 1285 4861 ,

360 4922 402 5003 (2)
424 4921 482 4983 Tit.
497 4919 575 4998 Liv.,
589 4920 722 4994 XXXIV,
736 4921 766 4979 4.
792 4920 886 4979 ulain
903 4917 993 4979 nimis
1004 4919 1116 4980 multos
1127 4921 1217 4981 audio
1232 4922 1364 4985 Corinthi

320 5021 352 5081 et
371 5021 559 5082 Athenarum
569 5022 746 5081 ornamenta
757 5016 914 5078 laudantes
927 5015 1130 5099 mirantesque
1140 5024 1171 5079 et
1185 5020 1314 5082 antefixa
1324 5020 1361 5083 fi-

321 5116 402 5179 ctilia
412 5116 539 5179 deorum
553 5131 749 5176 romanorum
763 5113 907 5174 ridentes.
923 5135 938 5170 n

364 5214 404 5292 (3)
425 5216 464 5275 Ia
484 5218 576 5289 Vera,
588 5214 638 5286 lV,
652 5213 702 5271 44.
716 5234 731 5268 «
742 5210 818 5271 Vidn
844 5228 882 5271 ne
900 5210 1024 5278 illenon
1040 5213 1139 5273 solum
1153 5217 1362 5295 temperantia,

320 5311 484 5373 sedetiam
507 5308 704 5387 intelligentia
725 5311 753 5366 te
780 5310 871 5385 atque
893 5306 977 5382 istos,
1001 5307 1052 5387 qui
1074 5327 1105 5369 se
1126 5308 1277 5389 elegantes
1304 5312 1364 5373 diei

320 5409 436 5483 volunt,
449 5406 562 5468 vicerit.
578 5428 593 5464 n

360 5509 399 5585 (4)
424 5508 461 5567 Ia
480 5505 637 5578 Verr.‚lV,
653 5504 682 5562 2.
