<?xml version="1.0" encoding="UTF-8"?>
<!DOCTYPE html PUBLIC "-//W3C//DTD XHTML 1.0 Transitional//EN"
    "http://www.w3.org/TR/xhtml1/DTD/xhtml1-transitional.dtd">
<html xmlns="http://www.w3.org/1999/xhtml" xml:lang="en" lang="en">
 <head>
  <title>
</title>
<meta http-equiv="Content-Type" content="text/html;charset=utf-8" />
  <meta name='ocr-system' content='tesseract 3.04.00' />
  <meta name='ocr-capabilities' content='ocr_page ocr_carea ocr_par ocr_line ocrx_word'/>
</head>
<body>
  <div class='ocr_page' id='page_1' title='image "./quiddesignistab00maiggoog_0043.png"; bbox 0 0 3534 7267; ppageno 0'>
   <div class='ocr_carea' id='block_1_1' title="bbox 685 1795 1065 1843">
    <p class='ocr_par' dir='ltr' id='par_1_1' title="bbox 685 1795 1065 1843">
     <span class='ocr_line' id='line_1_1' title="bbox 685 1795 1065 1843; baseline 0 0"><span class='ocrx_word' id='word_1_1' title='bbox 685 1797 837 1843; x_wconf 75' lang='lat' dir='ltr'>SENSERIT</span> <span class='ocrx_word' id='word_1_2' title='bbox 863 1799 894 1840; x_wconf 87' lang='lat' dir='ltr'>n.</span> <span class='ocrx_word' id='word_1_3' title='bbox 921 1795 1065 1843; x_wconf 74' lang='lat' dir='ltr'>rutulus.</span> 
     </span>
    </p>
   </div>
   <div class='ocr_carea' id='block_1_2' title="bbox 502 2052 1247 2122">
    <p class='ocr_par' dir='ltr' id='par_1_2' title="bbox 502 2052 1247 2122">
     <span class='ocr_line' id='line_1_2' title="bbox 502 2052 1247 2122; baseline -0.004 -2"><span class='ocrx_word' id='word_1_4' title='bbox 502 2053 559 2121; x_wconf 81' lang='lat' dir='ltr'>Vl.</span> <span class='ocrx_word' id='word_1_5' title='bbox 579 2092 625 2102; x_wconf 91' lang='lat'><em>-</em></span> <span class='ocrx_word' id='word_1_6' title='bbox 640 2052 782 2122; x_wconf 79' lang='lat' dir='ltr'>Turnus</span> <span class='ocrx_word' id='word_1_7' title='bbox 808 2072 928 2120; x_wconf 76' lang='lat' dir='ltr'>ocutos</span> <span class='ocrx_word' id='word_1_8' title='bbox 954 2070 1109 2118; x_wconf 83' lang='lat' dir='ltr'>anunrros</span> <span class='ocrx_word' id='word_1_9' title='bbox 1135 2071 1247 2118; x_wconf 81' lang='lat' dir='ltr'>nnana.</span> 
     </span>
    </p>
   </div>
   <div class='ocr_carea' id='block_1_3' title="bbox 357 2282 1435 3642">
    <p class='ocr_par' dir='ltr' id='par_1_3' title="bbox 357 2282 1435 3642">
     <span class='ocr_line' id='line_1_3' title="bbox 406 2282 1407 2394; baseline 0 -24"><span class='ocrx_word' id='word_1_10' title='bbox 406 2298 485 2370; x_wconf 89' lang='lat' dir='ltr'>Scio</span> <span class='ocrx_word' id='word_1_11' title='bbox 512 2296 674 2394; x_wconf 85' lang='lat' dir='ltr'>equidem</span> <span class='ocrx_word' id='word_1_12' title='bbox 693 2321 772 2370; x_wconf 89' lang='lat' dir='ltr'>eum</span> <span class='ocrx_word' id='word_1_13' title='bbox 791 2297 899 2370; x_wconf 80' lang='lat' dir='ltr'>fuisse</span> <span class='ocrx_word' id='word_1_14' title='bbox 919 2322 988 2369; x_wconf 90' lang='lat' dir='ltr'>non</span> <span class='ocrx_word' id='word_1_15' title='bbox 1014 2322 1122 2370; x_wconf 90' lang='lat' dir='ltr'>unum</span> <span class='ocrx_word' id='word_1_16' title='bbox 1146 2323 1188 2370; x_wconf 85' lang='lat' dir='ltr'>ex</span> <span class='ocrx_word' id='word_1_17' title='bbox 1214 2299 1268 2370; x_wconf 90' lang='lat' dir='ltr'>his</span> <span class='ocrx_word' id='word_1_18' title='bbox 1292 2282 1407 2370; x_wconf 69' lang='lat' dir='ltr'>homi</span> 
     </span>
     <span class='ocr_line' id='line_1_4' title="bbox 357 2419 1400 2519; baseline -0.002 -26"><span class='ocrx_word' id='word_1_19' title='bbox 357 2422 460 2496; x_wconf 91' lang='lat' dir='ltr'>nibus</span> <span class='ocrx_word' id='word_1_20' title='bbox 474 2446 561 2519; x_wconf 91' lang='lat' dir='ltr'>quos</span> <span class='ocrx_word' id='word_1_21' title='bbox 573 2425 670 2513; x_wconf 85' lang='lat' dir='ltr'>Cato,</span> <span class='ocrx_word' id='word_1_22' title='bbox 691 2420 780 2517; x_wconf 86' lang='lat' dir='ltr'>apud</span> <span class='ocrx_word' id='word_1_23' title='bbox 796 2419 998 2492; x_wconf 81' lang='lat' dir='ltr'><strong>Sallustium</strong></span> <span class='ocrx_word' id='word_1_24' title='bbox 1014 2419 1078 2515; x_wconf 83' lang='lat'>(1),</span> <span class='ocrx_word' id='word_1_25' title='bbox 1094 2432 1166 2492; x_wconf 88' lang='lat' dir='ltr'>tam</span> <span class='ocrx_word' id='word_1_26' title='bbox 1180 2421 1400 2493; x_wconf 84' lang='lat' dir='ltr'>vehomenter</span> 
     </span>
     <span class='ocr_line' id='line_1_5' title="bbox 358 2544 1401 2645; baseline -0.001 -25"><span class='ocrx_word' id='word_1_27' title='bbox 358 2547 509 2645; x_wconf 88' lang='lat' dir='ltr'>appellat</span> <span class='ocrx_word' id='word_1_28' title='bbox 537 2557 604 2619; x_wconf 77' lang='lat' dir='ltr'>out</span> <span class='ocrx_word' id='word_1_29' title='bbox 630 2549 690 2644; x_wconf 92' lang='lat' dir='ltr'>qui</span> <span class='ocrx_word' id='word_1_30' title='bbox 716 2570 853 2643; x_wconf 82' lang='lat' dir='ltr'><strong>semper</strong></span> <span class='ocrx_word' id='word_1_31' title='bbox 878 2544 1017 2637; x_wconf 85' lang='lat' dir='ltr'>domos,</span> <span class='ocrx_word' id='word_1_32' title='bbox 1041 2544 1152 2637; x_wconf 81' lang='lat' dir='ltr'>villas,</span> <span class='ocrx_word' id='word_1_33' title='bbox 1173 2548 1282 2644; x_wconf 78' lang='lat' dir='ltr'>signa,</span> <span class='ocrx_word' id='word_1_34' title='bbox 1302 2545 1401 2619; x_wconf 88' lang='lat' dir='ltr'>tabu·</span> 
     </span>
     <span class='ocr_line' id='line_1_6' title="bbox 358 2669 1401 2771; baseline -0.002 -25"><span class='ocrx_word' id='word_1_35' title='bbox 358 2676 476 2771; x_wconf 87' lang='lat' dir='ltr'>lasque</span> <span class='ocrx_word' id='word_1_36' title='bbox 497 2696 579 2751; x_wconf 86' lang='lat' dir='ltr'>suas</span> <span class='ocrx_word' id='word_1_37' title='bbox 600 2673 708 2770; x_wconf 88' lang='lat' dir='ltr'>pluris</span> <span class='ocrx_word' id='word_1_38' title='bbox 729 2695 833 2769; x_wconf 87' lang='lat' dir='ltr'>quam</span> <span class='ocrx_word' id='word_1_39' title='bbox 852 2669 1102 2767; x_wconf 74' lang='lat' dir='ltr'>rempublicam</span> <span class='ocrx_word' id='word_1_40' title='bbox 1121 2670 1283 2763; x_wconf 80' lang='lat' dir='ltr'>fecerint3</span> <span class='ocrx_word' id='word_1_41' title='bbox 1304 2704 1316 2736; x_wconf 86' lang='lat'>»</span> <span class='ocrx_word' id='word_1_42' title='bbox 1340 2670 1401 2743; x_wconf 89' lang='lat' dir='ltr'>sed</span> 
     </span>
     <span class='ocr_line' id='line_1_7' title="bbox 359 2794 1402 2894; baseline -0.004 -23"><span class='ocrx_word' id='word_1_43' title='bbox 359 2823 439 2871; x_wconf 89' lang='lat' dir='ltr'>eum</span> <span class='ocrx_word' id='word_1_44' title='bbox 459 2820 594 2894; x_wconf 90' lang='lat' dir='ltr'>quoque</span> <span class='ocrx_word' id='word_1_45' title='bbox 613 2796 785 2867; x_wconf 73' lang='lat' dir='ltr'>exstitisse</span> <span class='ocrx_word' id='word_1_46' title='bbox 807 2796 879 2865; x_wconf 93' lang='lat' dir='ltr'>scio</span> <span class='ocrx_word' id='word_1_47' title='bbox 903 2796 962 2890; x_wconf 90' lang='lat' dir='ltr'>qui</span> <span class='ocrx_word' id='word_1_48' title='bbox 986 2819 1055 2866; x_wconf 91' lang='lat' dir='ltr'>non</span> <span class='ocrx_word' id='word_1_49' title='bbox 1079 2796 1146 2866; x_wconf 89' lang='lat' dir='ltr'>isto</span> <span class='ocrx_word' id='word_1_50' title='bbox 1169 2794 1274 2868; x_wconf 83' lang='lat' dir='ltr'>fuerit</span> <span class='ocrx_word' id='word_1_51' title='bbox 1287 2797 1402 2867; x_wconf 92' lang='lat' dir='ltr'>animo</span> 
     </span>
     <span class='ocr_line' id='line_1_8' title="bbox 360 2918 1435 3019; baseline -0.004 -25"><span class='ocrx_word' id='word_1_52' title='bbox 360 2945 442 3019; x_wconf 83' lang='lat' dir='ltr'>erga</span> <span class='ocrx_word' id='word_1_53' title='bbox 458 2922 542 2993; x_wconf 89' lang='lat' dir='ltr'>artis</span> <span class='ocrx_word' id='word_1_54' title='bbox 558 2942 666 3016; x_wconf 86' lang='lat' dir='ltr'>prope</span> <span class='ocrx_word' id='word_1_55' title='bbox 681 2918 806 2990; x_wconf 83' lang='lat' dir='ltr'>divinae</span> <span class='ocrx_word' id='word_1_56' title='bbox 820 2929 1056 3010; x_wconf 81' lang='lat' dir='ltr'>monumenta,</span> <span class='ocrx_word' id='word_1_57' title='bbox 1072 2930 1111 2989; x_wconf 92' lang='lat' dir='ltr'>ut</span> <span class='ocrx_word' id='word_1_58' title='bbox 1125 2942 1165 2990; x_wconf 87' lang='lat' dir='ltr'>ea</span> <span class='ocrx_word' id='word_1_59' title='bbox 1180 2932 1313 2993; x_wconf 88' lang='lat' dir='ltr'>tantum</span> <span class='ocrx_word' id='word_1_60' title='bbox 1328 2939 1413 2993; x_wconf 86' lang='lat' dir='ltr'>csse·</span> <span class='ocrx_word' id='word_1_61' title='bbox 1430 2981 1435 2990; x_wconf 92' lang='lat'>.</span> 
     </span>
     <span class='ocr_line' id='line_1_9' title="bbox 359 3044 1403 3145; baseline -0.003 -25"><span class='ocrx_word' id='word_1_62' title='bbox 359 3070 546 3145; x_wconf 86' lang='lat' dir='ltr'>puerorum</span> <span class='ocrx_word' id='word_1_63' title='bbox 559 3044 814 3123; x_wconf 86' lang='lat' dir='ltr'>oblectamenta</span> <span class='ocrx_word' id='word_1_64' title='bbox 829 3045 944 3139; x_wconf 88' lang='lat' dir='ltr'>reipsa</span> <span class='ocrx_word' id='word_1_65' title='bbox 963 3044 1149 3115; x_wconf 80' lang='lat' dir='ltr'>censuerit.</span> <span class='ocrx_word' id='word_1_66' title='bbox 1174 3048 1296 3119; x_wconf 84' lang='lat' dir='ltr'>Nonne</span> <span class='ocrx_word' id='word_1_67' title='bbox 1312 3048 1403 3118; x_wconf 89' lang='lat' dir='ltr'>enim</span> 
     </span>
     <span class='ocr_line' id='line_1_10' title="bbox 360 3169 1404 3267; baseline -0.002 -22"><span class='ocrx_word' id='word_1_68' title='bbox 360 3174 493 3246; x_wconf 87' lang='lat' dir='ltr'>Cereris</span> <span class='ocrx_word' id='word_1_69' title='bbox 515 3169 689 3267; x_wconf 83' lang='lat' dir='ltr'>quoddam</span> <span class='ocrx_word' id='word_1_70' title='bbox 709 3170 846 3267; x_wconf 81' lang='lat' dir='ltr'>signum</span> <span class='ocrx_word' id='word_1_71' title='bbox 873 3192 948 3239; x_wconf 89' lang='lat' dir='ltr'>esse</span> <span class='ocrx_word' id='word_1_72' title='bbox 975 3169 1043 3241; x_wconf 85' lang='lat' dir='ltr'>tale</span> <span class='ocrx_word' id='word_1_73' title='bbox 1077 3171 1258 3243; x_wconf 87' lang='lat' dir='ltr'>confessus</span> <span class='ocrx_word' id='word_1_74' title='bbox 1288 3184 1404 3243; x_wconf 89' lang='lat' dir='ltr'>estut</span> 
     </span>
     <span class='ocr_line' id='line_1_11' title="bbox 365 3293 1405 3392; baseline -0.001 -24"><span class='ocrx_word' id='word_1_75' title='bbox 365 3296 569 3387; x_wconf 81' lang='lat' dir='ltr'>«hominos,</span> <span class='ocrx_word' id='word_1_76' title='bbox 591 3319 671 3367; x_wconf 87' lang='lat' dir='ltr'>curn</span> <span class='ocrx_word' id='word_1_77' title='bbox 689 3293 856 3380; x_wconf 85' lang='lat' dir='ltr'>viderent,</span> <span class='ocrx_word' id='word_1_78' title='bbox 879 3305 940 3366; x_wconf 85' lang='lat' dir='ltr'>aut</span> <span class='ocrx_word' id='word_1_79' title='bbox 965 3297 1076 3392; x_wconf 87' lang='lat' dir='ltr'>ipsam</span> <span class='ocrx_word' id='word_1_80' title='bbox 1100 3295 1217 3367; x_wconf 87' lang='lat' dir='ltr'>videre</span> <span class='ocrx_word' id='word_1_81' title='bbox 1243 3321 1279 3368; x_wconf 88' lang='lat' dir='ltr'>so</span> <span class='ocrx_word' id='word_1_82' title='bbox 1307 3299 1405 3368; x_wconf 86' lang='lat' dir='ltr'>Cere·</span> 
     </span>
     <span class='ocr_line' id='line_1_12' title="bbox 359 3412 1418 3517; baseline -0.006 -24"><span class='ocrx_word' id='word_1_83' title='bbox 359 3445 446 3511; x_wconf 85' lang='lat' dir='ltr'>rem,</span> <span class='ocrx_word' id='word_1_84' title='bbox 462 3430 522 3491; x_wconf 88' lang='lat' dir='ltr'>aut</span> <span class='ocrx_word' id='word_1_85' title='bbox 542 3412 693 3517; x_wconf 78' lang='lat' dir='ltr'>effigiem</span> <span class='ocrx_word' id='word_1_86' title='bbox 708 3418 852 3509; x_wconf 78' lang='lat' dir='ltr'>Cereris,</span> <span class='ocrx_word' id='word_1_87' title='bbox 873 3440 943 3488; x_wconf 92' lang='lat' dir='ltr'>non</span> <span class='ocrx_word' id='word_1_88' title='bbox 964 3417 1116 3489; x_wconf 91' lang='lat' dir='ltr'>humana</span> <span class='ocrx_word' id='word_1_89' title='bbox 1136 3442 1241 3489; x_wconf 87' lang='lat' dir='ltr'>manu</span> <span class='ocrx_word' id='word_1_90' title='bbox 1259 3419 1418 3507; x_wconf 77' lang='lat' dir='ltr'>factam,&#39;</span> 
     </span>
     <span class='ocr_line' id='line_1_13' title="bbox 360 3543 1404 3642; baseline -0.001 -25"><span class='ocrx_word' id='word_1_91' title='bbox 360 3545 421 3618; x_wconf 89' lang='lat' dir='ltr'>sed</span> <span class='ocrx_word' id='word_1_92' title='bbox 439 3544 480 3616; x_wconf 91' lang='lat' dir='ltr'>de</span> <span class='ocrx_word' id='word_1_93' title='bbox 502 3544 587 3618; x_wconf 90' lang='lat' dir='ltr'>coelo</span> <span class='ocrx_word' id='word_1_94' title='bbox 608 3545 756 3642; x_wconf 78' lang='lat' dir='ltr'>lapsam,</span> <span class='ocrx_word' id='word_1_95' title='bbox 771 3543 1020 3615; x_wconf 84' lang='lat' dir='ltr'>arbitrarentur</span> <span class='ocrx_word' id='word_1_96' title='bbox 1038 3544 1119 3640; x_wconf 77' lang='lat'>(2)?</span> <span class='ocrx_word' id='word_1_97' title='bbox 1136 3578 1149 3610; x_wconf 72' lang='lat' dir='ltr'>o</span> <span class='ocrx_word' id='word_1_98' title='bbox 1170 3547 1306 3636; x_wconf 84' lang='lat' dir='ltr'>Nonne,</span> <span class='ocrx_word' id='word_1_99' title='bbox 1324 3569 1404 3616; x_wconf 90' lang='lat' dir='ltr'>cum</span> 
     </span>
    </p>
   </div>
   <div class='ocr_carea' id='block_1_4' title="bbox 361 3666 1419 4263">
    <p class='ocr_par' dir='ltr' id='par_1_4' title="bbox 361 3666 1419 4263">
     <span class='ocr_line' id='line_1_14' title="bbox 361 3666 1404 3767; baseline 0 -27"><span class='ocrx_word' id='word_1_100' title='bbox 361 3669 573 3741; x_wconf 88' lang='lat' dir='ltr'>mentionem</span> <span class='ocrx_word' id='word_1_101' title='bbox 585 3668 691 3740; x_wconf 88' lang='lat' dir='ltr'>affert</span> <span class='ocrx_word' id='word_1_102' title='bbox 701 3666 910 3758; x_wconf 83' lang='lat' dir='ltr'>tabularum,</span> <span class='ocrx_word' id='word_1_103' title='bbox 927 3669 963 3737; x_wconf 93' lang='lat' dir='ltr'>in</span> <span class='ocrx_word' id='word_1_104' title='bbox 981 3666 1107 3764; x_wconf 89' lang='lat' dir='ltr'>quibus</span> <span class='ocrx_word' id='word_1_105' title='bbox 1123 3680 1221 3740; x_wconf 87' lang='lat' dir='ltr'>erant</span> <span class='ocrx_word' id='word_1_106' title='bbox 1233 3670 1404 3767; x_wconf 81' lang='lat' dir='ltr'>imagines</span> 
     </span>
     <span class='ocr_line' id='line_1_15' title="bbox 361 3792 1419 3889; baseline 0 -26"><span class='ocrx_word' id='word_1_107' title='bbox 361 3792 486 3864; x_wconf 84' lang='lat' dir='ltr'>Siciliae</span> <span class='ocrx_word' id='word_1_108' title='bbox 498 3815 618 3889; x_wconf 78' lang='lat' dir='ltr'>regum</span> <span class='ocrx_word' id='word_1_109' title='bbox 635 3815 675 3863; x_wconf 86' lang='lat' dir='ltr'>ac</span> <span class='ocrx_word' id='word_1_110' title='bbox 688 3801 926 3887; x_wconf 77' lang='lat' dir='ltr'>tyrannorum,</span> <span class='ocrx_word' id='word_1_111' title='bbox 948 3814 984 3862; x_wconf 91' lang='lat' dir='ltr'>se</span> <span class='ocrx_word' id='word_1_112' title='bbox 999 3815 1135 3887; x_wconf 89' lang='lat' dir='ltr'>quoqne</span> <span class='ocrx_word' id='word_1_113' title='bbox 1151 3793 1199 3863; x_wconf 89' lang='lat' dir='ltr'>ait</span> <span class='ocrx_word' id='word_1_114' title='bbox 1210 3815 1280 3862; x_wconf 90' lang='lat' dir='ltr'>uon</span> <span class='ocrx_word' id='word_1_115' title='bbox 1295 3792 1419 3863; x_wconf 84' lang='lat' dir='ltr'>solum</span> 
     </span>
     <span class='ocr_line' id='line_1_16' title="bbox 361 3912 1406 4013; baseline -0.004 -23"><span class='ocrx_word' id='word_1_116' title='bbox 361 3921 531 4013; x_wconf 91' lang='lat' dir='ltr'>pictorum</span> <span class='ocrx_word' id='word_1_117' title='bbox 553 3915 711 4007; x_wconf 84' lang='lat' dir='ltr'>artificio,</span> <span class='ocrx_word' id='word_1_118' title='bbox 732 3912 793 3987; x_wconf 91' lang='lat' dir='ltr'>sed</span> <span class='ocrx_word' id='word_1_119' title='bbox 816 3914 920 3985; x_wconf 87' lang='lat' dir='ltr'>etiam</span> <span class='ocrx_word' id='word_1_120' title='bbox 946 3916 1270 3986; x_wconf 79' lang='lat' dir='ltr'>commemoratione</span> <span class='ocrx_word' id='word_1_121' title='bbox 1292 3915 1406 3986; x_wconf 93' lang='lat' dir='ltr'>homi-</span> 
     </span>
     <span class='ocr_line' id='line_1_17' title="bbox 361 4034 1407 4136; baseline -0.003 -24"><span class='ocrx_word' id='word_1_122' title='bbox 361 4042 458 4131; x_wconf 85' lang='lat' dir='ltr'>num,</span> <span class='ocrx_word' id='word_1_123' title='bbox 475 4051 509 4112; x_wconf 88' lang='lat' dir='ltr'>et</span> <span class='ocrx_word' id='word_1_124' title='bbox 523 4039 717 4136; x_wconf 83' lang='lat' dir='ltr'>cognitione</span> <span class='ocrx_word' id='word_1_125' title='bbox 734 4038 941 4128; x_wconf 85' lang='lat' dir='ltr'>formarum,</span> <span class='ocrx_word' id='word_1_126' title='bbox 958 4034 1119 4109; x_wconf 90' lang='lat' dir='ltr'>delectari</span> <span class='ocrx_word' id='word_1_127' title='bbox 1134 4038 1218 4133; x_wconf 80' lang='lat'><strong>(3)?</strong></span> <span class='ocrx_word' id='word_1_128' title='bbox 1233 4040 1311 4111; x_wconf 92' lang='lat' dir='ltr'>Non</span> <span class='ocrx_word' id='word_1_129' title='bbox 1327 4050 1407 4110; x_wconf 93' lang='lat' dir='ltr'>sunt</span> 
     </span>
     <span class='ocr_line' id='line_1_18' title="bbox 362 4161 1407 4263; baseline -0.004 -25"><span class='ocrx_word' id='word_1_130' title='bbox 362 4167 467 4263; x_wconf 85' lang='lat' dir='ltr'>igitur</span> <span class='ocrx_word' id='word_1_131' title='bbox 481 4165 665 4262; x_wconf 81' lang='lat' dir='ltr'>nugatoria</span> <span class='ocrx_word' id='word_1_132' title='bbox 682 4162 743 4234; x_wconf 87' lang='lat' dir='ltr'>illa</span> <span class='ocrx_word' id='word_1_133' title='bbox 759 4185 836 4259; x_wconf 86' lang='lat' dir='ltr'>qnae</span> <span class='ocrx_word' id='word_1_134' title='bbox 854 4173 888 4233; x_wconf 89' lang='lat' dir='ltr'>et</span> <span class='ocrx_word' id='word_1_135' title='bbox 905 4161 1069 4257; x_wconf 88' lang='lat' dir='ltr'>opificum</span> <span class='ocrx_word' id='word_1_136' title='bbox 1089 4174 1162 4235; x_wconf 88' lang='lat' dir='ltr'>arte</span> <span class='ocrx_word' id='word_1_137' title='bbox 1186 4176 1220 4235; x_wconf 89' lang='lat' dir='ltr'>et</span> <span class='ocrx_word' id='word_1_138' title='bbox 1238 4164 1407 4234; x_wconf 90' lang='lat' dir='ltr'>memoria</span> 
     </span>
    </p>
   </div>
   <div class='ocr_carea' id='block_1_5' title="bbox 349 4379 1448 5635">
    <p class='ocr_par' dir='ltr' id='par_1_5' title="bbox 403 4379 651 4457">
     <span class='ocr_line' id='line_1_19' title="bbox 403 4379 651 4457; baseline -0.02 -16"><span class='ocrx_word' id='word_1_139' title='bbox 403 4381 444 4457; x_wconf 81' lang='lat' dir='ltr'>(t)</span> <span class='ocrx_word' id='word_1_140' title='bbox 468 4379 651 4456; x_wconf 77' lang='lat' dir='ltr'>Cattt.‚t11.</span> 
     </span>
    </p>

    <p class='ocr_par' dir='ltr' id='par_1_6' title="bbox 403 4474 1019 4557">
     <span class='ocr_line' id='line_1_20' title="bbox 403 4474 1019 4557; baseline 0 -19"><span class='ocrx_word' id='word_1_141' title='bbox 403 4478 445 4553; x_wconf 70' lang='lat'>(2)</span> <span class='ocrx_word' id='word_1_142' title='bbox 465 4478 504 4537; x_wconf 83' lang='lat' dir='ltr'>In</span> <span class='ocrx_word' id='word_1_143' title='bbox 525 4478 617 4552; x_wconf 70' lang='lat' dir='ltr'>Vera,</span> <span class='ocrx_word' id='word_1_144' title='bbox 629 4474 681 4536; x_wconf 93' lang='lat' dir='ltr'>lib.</span> <span class='ocrx_word' id='word_1_145' title='bbox 697 4476 734 4553; x_wconf 88' lang='lat' dir='ltr'>V,</span> <span class='ocrx_word' id='word_1_146' title='bbox 752 4478 790 4537; x_wconf 73' lang='lat'>72</span> <span class='ocrx_word' id='word_1_147' title='bbox 804 4482 835 4537; x_wconf 92' lang='lat' dir='ltr'>et</span> <span class='ocrx_word' id='word_1_148' title='bbox 848 4476 1019 4557; x_wconf 82' lang='lat' dir='ltr'>nb.1v,to.</span> 
     </span>
    </p>

    <p class='ocr_par' dir='ltr' id='par_1_7' title="bbox 349 4572 1448 5635">
     <span class='ocr_line' id='line_1_21' title="bbox 403 4572 1406 4659; baseline 0.007 -25"><span class='ocrx_word' id='word_1_149' title='bbox 403 4574 447 4652; x_wconf 85' lang='lat'>(3)</span> <span class='ocrx_word' id='word_1_150' title='bbox 469 4572 533 4633; x_wconf 90' lang='lat' dir='ltr'>Lib.</span> <span class='ocrx_word' id='word_1_151' title='bbox 553 4574 605 4648; x_wconf 83' lang='lat' dir='ltr'>IV,</span> <span class='ocrx_word' id='word_1_152' title='bbox 626 4575 676 4634; x_wconf 81' lang='lat'>55.</span> <span class='ocrx_word' id='word_1_153' title='bbox 698 4573 773 4635; x_wconf 88' lang='lat' dir='ltr'>Vide</span> <span class='ocrx_word' id='word_1_154' title='bbox 794 4576 874 4635; x_wconf 87' lang='lat' dir='ltr'>Orat.</span> <span class='ocrx_word' id='word_1_155' title='bbox 896 4593 924 4636; x_wconf 92' lang='lat' dir='ltr'>c.</span> <span class='ocrx_word' id='word_1_156' title='bbox 947 4595 984 4651; x_wconf 88' lang='lat'>11,</span> <span class='ocrx_word' id='word_1_157' title='bbox 1009 4578 1038 4637; x_wconf 83' lang='lat'>5.</span> <span class='ocrx_word' id='word_1_158' title='bbox 1059 4578 1219 4650; x_wconf 84' lang='lat' dir='ltr'>«Quorum</span> <span class='ocrx_word' id='word_1_159' title='bbox 1239 4579 1406 4659; x_wconf 86' lang='lat' dir='ltr'>(opificum)</span> 
     </span>
     <span class='ocr_line' id='line_1_22' title="bbox 364 4669 1408 4755; baseline 0.004 -23"><span class='ocrx_word' id='word_1_160' title='bbox 364 4676 445 4733; x_wconf 80' lang='lat' dir='ltr'>tanta</span> <span class='ocrx_word' id='word_1_161' title='bbox 453 4669 615 4731; x_wconf 89' lang='lat' dir='ltr'>multitudo</span> <span class='ocrx_word' id='word_1_162' title='bbox 626 4669 692 4746; x_wconf 85' lang='lat' dir='ltr'>tuit,</span> <span class='ocrx_word' id='word_1_163' title='bbox 702 4676 786 4732; x_wconf 89' lang='lat' dir='ltr'>tanta</span> <span class='ocrx_word' id='word_1_164' title='bbox 795 4670 825 4731; x_wconf 92' lang='lat' dir='ltr'>in</span> <span class='ocrx_word' id='word_1_165' title='bbox 835 4673 1047 4753; x_wconf 87' lang='lat' dir='ltr'>suocujusque</span> <span class='ocrx_word' id='word_1_166' title='bbox 1055 4675 1248 4752; x_wconf 82' lang='lat' dir='ltr'>generelons,</span> <span class='ocrx_word' id='word_1_167' title='bbox 1259 4683 1408 4755; x_wconf 87' lang='lat' dir='ltr'>ut‚quum</span> 
     </span>
     <span class='ocr_line' id='line_1_23' title="bbox 364 4768 1435 4851; baseline 0.003 -20"><span class='ocrx_word' id='word_1_168' title='bbox 364 4787 482 4831; x_wconf 90' lang='lat' dir='ltr'>summa</span> <span class='ocrx_word' id='word_1_169' title='bbox 503 4768 693 4846; x_wconf 88' lang='lat' dir='ltr'>miraremur,</span> <span class='ocrx_word' id='word_1_170' title='bbox 716 4768 857 4831; x_wconf 89' lang='lat' dir='ltr'>inferiora</span> <span class='ocrx_word' id='word_1_171' title='bbox 885 4775 987 4832; x_wconf 87' lang='lat' dir='ltr'>tamen</span> <span class='ocrx_word' id='word_1_172' title='bbox 1012 4772 1209 4851; x_wconf 87' lang='lat' dir='ltr'>probaremus</span> <span class='ocrx_word' id='word_1_173' title='bbox 1233 4794 1300 4831; x_wconf 82' lang='lat' dir='ltr'>o-</span> <span class='ocrx_word' id='word_1_174' title='bbox 1313 4774 1408 4836; x_wconf 86' lang='lat' dir='ltr'>Raoul</span> <span class='ocrx_word' id='word_1_175' title='bbox 1433 4817 1435 4824; x_wconf 73' lang='grc'>.</span> 
     </span>
     <span class='ocr_line' id='line_1_24' title="bbox 361 4865 1409 4945; baseline 0.007 -17"><span class='ocrx_word' id='word_1_176' title='bbox 361 4865 522 4943; x_wconf 77' lang='lat' dir='ltr'>Rochette,</span> <span class='ocrx_word' id='word_1_177' title='bbox 540 4866 726 4927; x_wconf 81' lang='lat' dir='ltr'>Joornoldes</span> <span class='ocrx_word' id='word_1_178' title='bbox 736 4874 873 4944; x_wconf 80' lang='lat' dir='ltr'>savants,</span> <span class='ocrx_word' id='word_1_179' title='bbox 885 4868 957 4928; x_wconf 81' lang='lat' dir='ltr'>aodt</span> <span class='ocrx_word' id='word_1_180' title='bbox 971 4870 1064 4945; x_wconf 84' lang='lat'><strong>1833,</strong></span> <span class='ocrx_word' id='word_1_181' title='bbox 1078 4868 1117 4930; x_wconf 90' lang='lat' dir='ltr'>de</span> <span class='ocrx_word' id='word_1_182' title='bbox 1138 4868 1276 4931; x_wconf 91' lang='lat' dir='ltr'>hocloco</span> <span class='ocrx_word' id='word_1_183' title='bbox 1291 4870 1409 4936; x_wconf 89' lang='lat' dir='ltr'>Cicero-</span> 
     </span>
     <span class='ocr_line' id='line_1_25' title="bbox 365 4956 1422 5047; baseline 0.007 -24"><span class='ocrx_word' id='word_1_184' title='bbox 365 4963 455 5024; x_wconf 81' lang='lat' dir='ltr'>nisio</span> <span class='ocrx_word' id='word_1_185' title='bbox 471 4966 569 5039; x_wconf 63' lang='lat' dir='ltr'>Vero,</span> <span class='ocrx_word' id='word_1_186' title='bbox 582 4964 632 5040; x_wconf 88' lang='lat' dir='ltr'>IV,</span> <span class='ocrx_word' id='word_1_187' title='bbox 644 4966 701 5024; x_wconf 81' lang='lat'>55:</span> <span class='ocrx_word' id='word_1_188' title='bbox 722 4986 738 5023; x_wconf 89' lang='lat'>«</span> <span class='ocrx_word' id='word_1_189' title='bbox 751 4966 929 5043; x_wconf 81' lang='lat' dir='ltr'>Pngnaerat</span> <span class='ocrx_word' id='word_1_190' title='bbox 940 4965 1088 5046; x_wconf 86' lang='lat' dir='ltr'>equestris</span> <span class='ocrx_word' id='word_1_191' title='bbox 1100 4967 1275 5046; x_wconf 80' lang='lat' dir='ltr'>Agathoclis</span> <span class='ocrx_word' id='word_1_192' title='bbox 1288 4968 1367 5047; x_wconf 82' lang='lat' dir='ltr'>regis</span> <span class='ocrx_word' id='word_1_193' title='bbox 1378 4956 1422 5030; x_wconf 38' lang='lat' dir='ltr'>in*</span> 
     </span>
     <span class='ocr_line' id='line_1_26' title="bbox 366 5059 1409 5146; baseline 0.007 -26"><span class='ocrx_word' id='word_1_194' title='bbox 366 5059 476 5121; x_wconf 89' lang='lat' dir='ltr'>tabulis</span> <span class='ocrx_word' id='word_1_195' title='bbox 492 5060 573 5141; x_wconf 90' lang='lat' dir='ltr'>picta</span> <span class='ocrx_word' id='word_1_196' title='bbox 586 5062 768 5142; x_wconf 86' lang='lat' dir='ltr'>praeclare...</span> <span class='ocrx_word' id='word_1_197' title='bbox 792 5060 845 5122; x_wconf 90' lang='lat' dir='ltr'>His</span> <span class='ocrx_word' id='word_1_198' title='bbox 866 5068 970 5124; x_wconf 87' lang='lat' dir='ltr'>autem</span> <span class='ocrx_word' id='word_1_199' title='bbox 988 5063 1098 5125; x_wconf 90' lang='lat' dir='ltr'>tabulis</span> <span class='ocrx_word' id='word_1_200' title='bbox 1120 5063 1277 5127; x_wconf 88' lang='lat' dir='ltr'>interiores</span> <span class='ocrx_word' id='word_1_201' title='bbox 1304 5066 1409 5146; x_wconf 87' lang='lat' dir='ltr'>templi</span> 
     </span>
     <span class='ocr_line' id='line_1_27' title="bbox 349 5154 1448 5241; baseline 0.006 -25"><span class='ocrx_word' id='word_1_202' title='bbox 349 5154 492 5237; x_wconf 86' lang='lat' dir='ltr'>&#39;parietes</span> <span class='ocrx_word' id='word_1_203' title='bbox 500 5157 714 5220; x_wconf 88' lang='lat' dir='ltr'>vestiebantur.</span> <span class='ocrx_word' id='word_1_204' title='bbox 731 5180 746 5217; x_wconf 80' lang='lat' dir='ltr'>o</span> <span class='ocrx_word' id='word_1_205' title='bbox 761 5159 801 5220; x_wconf 90' lang='lat' dir='ltr'>Ce</span> <span class='ocrx_word' id='word_1_206' title='bbox 814 5176 939 5239; x_wconf 83' lang='lat' dir='ltr'>passage</span> <span class='ocrx_word' id='word_1_207' title='bbox 958 5159 1006 5223; x_wconf 85' lang='lat' dir='ltr'>n&#39;o</span> <span class='ocrx_word' id='word_1_208' title='bbox 1018 5180 1072 5241; x_wconf 91' lang='lat' dir='ltr'>pas</span> <span class='ocrx_word' id='word_1_209' title='bbox 1086 5161 1193 5224; x_wconf 89' lang='lat' dir='ltr'>besoin</span> <span class='ocrx_word' id='word_1_210' title='bbox 1204 5162 1243 5223; x_wconf 91' lang='lat' dir='ltr'>de</span> <span class='ocrx_word' id='word_1_211' title='bbox 1258 5180 1411 5225; x_wconf 87' lang='lat' dir='ltr'>commen·</span> <span class='ocrx_word' id='word_1_212' title='bbox 1446 5195 1448 5199; x_wconf 95' lang='lat'>·</span> 
     </span>
     <span class='ocr_line' id='line_1_28' title="bbox 366 5253 1426 5338; baseline 0.007 -23"><span class='ocrx_word' id='word_1_213' title='bbox 366 5253 459 5335; x_wconf 87' lang='lat' dir='ltr'>taire;</span> <span class='ocrx_word' id='word_1_214' title='bbox 480 5272 521 5319; x_wconf 94' lang='lat' dir='ltr'>on</span> <span class='ocrx_word' id='word_1_215' title='bbox 538 5275 558 5335; x_wconf 85' lang='lat' dir='ltr'>y</span> <span class='ocrx_word' id='word_1_216' title='bbox 579 5255 641 5318; x_wconf 89' lang='lat' dir='ltr'>voit</span> <span class='ocrx_word' id='word_1_217' title='bbox 661 5264 816 5317; x_wconf 90' lang='lat' dir='ltr'>comment</span> <span class='ocrx_word' id='word_1_218' title='bbox 838 5254 950 5318; x_wconf 77' lang='lat' dir='ltr'>etaient</span> <span class='ocrx_word' id='word_1_219' title='bbox 963 5257 1064 5338; x_wconf 88' lang='lat' dir='ltr'>place&#39;s</span> <span class='ocrx_word' id='word_1_220' title='bbox 1083 5259 1159 5321; x_wconf 92' lang='lat' dir='ltr'>dans</span> <span class='ocrx_word' id='word_1_221' title='bbox 1171 5258 1335 5321; x_wconf 80' lang='lat' dir='ltr'>l&#39;inte&#39;rieur</span> <span class='ocrx_word' id='word_1_222' title='bbox 1358 5260 1426 5322; x_wconf 84' lang='lat' dir='ltr'>des</span> 
     </span>
     <span class='ocr_line' id='line_1_29' title="bbox 366 5353 1410 5433; baseline 0.007 -20"><span class='ocrx_word' id='word_1_223' title='bbox 366 5353 493 5433; x_wconf 89' lang='lat' dir='ltr'>temples</span> <span class='ocrx_word' id='word_1_224' title='bbox 510 5354 555 5416; x_wconf 91' lang='lat' dir='ltr'>les</span> <span class='ocrx_word' id='word_1_225' title='bbox 573 5355 713 5416; x_wconf 85' lang='lat' dir='ltr'>tableaux</span> <span class='ocrx_word' id='word_1_226' title='bbox 727 5373 779 5415; x_wconf 91' lang='lat' dir='ltr'>sur</span> <span class='ocrx_word' id='word_1_227' title='bbox 792 5353 869 5429; x_wconf 81' lang='lat' dir='ltr'>bois,</span> <span class='ocrx_word' id='word_1_228' title='bbox 885 5353 923 5415; x_wconf 87' lang='lat' dir='ltr'>de</span> <span class='ocrx_word' id='word_1_229' title='bbox 942 5356 1073 5418; x_wconf 78' lang='lat' dir='ltr'>maniere</span> <span class='ocrx_word' id='word_1_230' title='bbox 1094 5358 1113 5417; x_wconf 76' lang='lat' dir='ltr'>a</span> <span class='ocrx_word' id='word_1_231' title='bbox 1133 5358 1252 5420; x_wconf 89' lang='lat' dir='ltr'>couvrir</span> <span class='ocrx_word' id='word_1_232' title='bbox 1265 5359 1294 5419; x_wconf 87' lang='lat' dir='ltr'>lo</span> <span class='ocrx_word' id='word_1_233' title='bbox 1307 5359 1410 5420; x_wconf 77' lang='lat' dir='ltr'>nudite</span> 
     </span>
     <span class='ocr_line' id='line_1_30' title="bbox 366 5447 1411 5535; baseline 0.007 -24"><span class='ocrx_word' id='word_1_234' title='bbox 366 5451 419 5513; x_wconf 89' lang='lat' dir='ltr'>des</span> <span class='ocrx_word' id='word_1_235' title='bbox 428 5453 590 5531; x_wconf 70' lang='lat' dir='ltr'>morantes,</span> <span class='ocrx_word' id='word_1_236' title='bbox 607 5460 638 5514; x_wconf 88' lang='lat' dir='ltr'>ct</span> <span class='ocrx_word' id='word_1_237' title='bbox 648 5455 710 5514; x_wconf 89' lang='lat' dir='ltr'>l&#39;on</span> <span class='ocrx_word' id='word_1_238' title='bbox 724 5473 743 5532; x_wconf 91' lang='lat' dir='ltr'>y</span> <span class='ocrx_word' id='word_1_239' title='bbox 759 5451 895 5533; x_wconf 88' lang='lat' dir='ltr'>apprend</span> <span class='ocrx_word' id='word_1_240' title='bbox 908 5451 982 5514; x_wconf 92' lang='lat' dir='ltr'>dans</span> <span class='ocrx_word' id='word_1_241' title='bbox 995 5455 1067 5535; x_wconf 85' lang='lat' dir='ltr'>quel</span> <span class='ocrx_word' id='word_1_242' title='bbox 1079 5447 1180 5517; x_wconf 81' lang='lat' dir='ltr'>sensit</span> <span class='ocrx_word' id='word_1_243' title='bbox 1191 5455 1256 5517; x_wconf 80' lang='lat' dir='ltr'>tout</span> <span class='ocrx_word' id='word_1_244' title='bbox 1267 5456 1411 5519; x_wconf 89' lang='lat' dir='ltr'>entendre</span> 
     </span>
     <span class='ocr_line' id='line_1_31' title="bbox 365 5549 1396 5635; baseline 0.003 -27"><span class='ocrx_word' id='word_1_245' title='bbox 365 5549 409 5611; x_wconf 84' lang='lat' dir='ltr'>tes</span> <span class='ocrx_word' id='word_1_246' title='bbox 420 5551 609 5631; x_wconf 84' lang='lat' dir='ltr'>expressions</span> <span class='ocrx_word' id='word_1_247' title='bbox 624 5552 661 5612; x_wconf 93' lang='lat' dir='ltr'>dc</span> <span class='ocrx_word' id='word_1_248' title='bbox 677 5550 834 5613; x_wconf 76' lang='lat' dir='ltr'>Pausanias</span> <span class='ocrx_word' id='word_1_249' title='bbox 849 5567 857 5609; x_wconf 75' lang='grc' dir='ltr'>ε</span> <span class='ocrx_word' id='word_1_250' title='bbox 877 5571 892 5607; x_wconf 81' lang='lat' dir='ltr'>n</span> <span class='ocrx_word' id='word_1_251' title='bbox 907 5550 1002 5631; x_wconf 72' lang='grc' dir='ltr'>τοίχων</span> <span class='ocrx_word' id='word_1_252' title='bbox 1018 5552 1129 5635; x_wconf 71' lang='grc' dir='ltr'>γραφαί,</span> <span class='ocrx_word' id='word_1_253' title='bbox 1143 5553 1271 5634; x_wconf 88' lang='lat' dir='ltr'>parietes</span> <span class='ocrx_word' id='word_1_254' title='bbox 1285 5553 1366 5634; x_wconf 88' lang='lat' dir='ltr'>picti.</span> <span class='ocrx_word' id='word_1_255' title='bbox 1381 5575 1396 5612; x_wconf 80' lang='lat' dir='ltr'>o</span> 
     </span>
    </p>
   </div>
   <div class='ocr_carea' id='block_1_6' title="bbox 1224 5661 1257 5724">
    <p class='ocr_par' dir='ltr' id='par_1_8' title="bbox 1224 5661 1257 5724">
     <span class='ocr_line' id='line_1_32' title="bbox 1224 5661 1257 5724; baseline -0.03 0"><span class='ocrx_word' id='word_1_256' title='bbox 1224 5661 1257 5724; x_wconf 84' lang='lat'>3.</span> 
     </span>
    </p>
   </div>
   <div class='ocr_carea' id='block_1_7' title="bbox 0 0 1796 7267">
    <p class='ocr_par' dir='ltr' id='par_1_9' title="bbox 0 0 1796 7267">
     <span class='ocr_line' id='line_1_33' title="bbox 0 0 1796 7267; baseline 0 0"><span class='ocrx_word' id='word_1_257' title='bbox 0 0 1796 7267; x_wconf 95' lang='lat' dir='ltr'> </span> 
     </span>
    </p>
   </div>
  </div>
 </body>
</html>
