3534 7267
445 1610 492 1680 26
835 1627 911 1685 nuru
935 1625 976 1674 nn
996 1626 1096 1676 sienis

443 1772 602 1835 narentur
618 1761 737 1835 omnia
753 1769 788 1831 et
802 1760 1074 1859 pervestigarent
1089 1769 1140 1852 ut,
1158 1758 1217 1832 uhi
1232 1753 1384 1853 quidque
1396 1768 1485 1830 esset

443 1885 641 1983 pulchrum,
665 1884 782 1980 aliqua
798 1884 933 1957 ratione
947 1883 1139 1958 invenirent
1159 1882 1223 1978 (1).
1243 1883 1353 1969 Quem
1368 1880 1483 1955 loeum

443 2035 515 2084 snae
539 2012 578 2083 in
591 2013 740 2084 Verrem
761 2008 928 2084 orationis
946 2032 1017 2082 nen
1041 2007 1165 2081 leviter
1189 2006 1326 2103 attingit
1343 2007 1481 2098 Cicero,

365 2203 367 2206 ,
443 2160 484 2208 eo
512 2134 643 2208 scilieet
671 2130 815 2207 consilio
841 2140 882 2206 ut
905 2119 1018 2207 'istum
1049 2129 1174 2206 Siciliae
1202 2139 1386 2227 pretorem
1413 2152 1485 2211 non

441 2261 554 2335 solum
574 2284 652 2359 quae
667 2284 737 2333 nen
756 2283 821 2333 sua
838 2268 965 2350 essent,
984 2255 1164 2332 sedetiam
1179 2279 1256 2353 quae
1272 2279 1343 2330 non
1360 2254 1484 2337 intelli-

440 2397 549 2485 geret,
565 2385 601 2458 vi
616 2396 651 2458 et
668 2383 749 2458 delo
769 2383 949 2481 eripuisse,
970 2380 1142 2454 ostendat.

490 2511 665 2596 Quorsum
681 2518 799 2581 tamen
815 2507 893 2580 haee
913 2504 1052 2597 invidia,
1073 2506 1102 2578 si
1120 2503 1244 2576 harum
1263 2525 1379 2576 rerum
1393 2502 1484 2597 eupi-

440 2627 518 2701 dine
540 2631 601 2726 qui
624 2639 773 2721 tenetur,
794 2629 824 2701 is
842 2652 963 2702 servus
985 2637 1037 2702 est
1059 2625 1299 2724 ineptiarum?
1323 2623 1422 2713 Quod
1440 2647 1483 2697 ne

441 2753 507 2827 sihi
526 2754 615 2827 ferte
631 2754 841 2851 objiceretur
855 2752 1020 2849 praeeevit
1036 2751 1085 2824 M.
1108 2749 1240 2826 Tullius
1257 2748 1313 2822 his
1338 2747 1454 2822 verbis
1471 2777 1479 2820 :
1565 2757 1567 2763 '

442 2904 455 2940 α
476 2876 522 2947 Et
538 2896 595 2947 me
612 2873 773 2948 hercules
790 2897 854 2971 ege
877 2884 992 2965 antea,
1018 2872 1157 2948 tametsi
1176 2871 1243 2951 hee
1261 2872 1378 2944 neseio
1398 2870 1483 2969 quid

439 2995 658 3093 nugatorium
682 2994 836 3071 sciebam
861 3018 955 3087 esse,
982 2995 1050 3070 ista
1067 2992 1257 3091 intelligere
1279 2995 1345 3088 (2),
1365 3004 1482 3068 tamen

438 3118 557 3193 mirari
578 3118 747 3212 selem,
764 3120 871 3196 istum
887 3120 924 3192 in
940 3118 996 3192 his
1013 3119 1099 3216 ipsis
1115 3116 1220 3191 rebus
1240 3117 1391 3215 aliquem
1403 3142 1482 3192 sen-

438 3268 516 3318 sum
531 3243 683 3337 hebere,
700 3267 806 3342 quem
819 3244 1058 3332 seiremnulla
1068 3245 1105 3317 in
1117 3266 1154 3326 re
1168 3242 1357 3341 quidquam
1370 3243 1482 3317 simile

438 3368 589 3443 heminis
607 3366 748 3444 habere.
778 3369 868 3442 Tum
893 3368 1048 3465 primum
1067 3364 1232 3460 intellexi,
1252 3366 1296 3441 ad
1312 3390 1389 3439 eam
1406 3390 1482 3443 rem

436 3496 521 3569 istos
546 3495 672 3570 iratres
688 3493 872 3592 Cibyratas
894 3495 1074 3587 fuissent
1095 3496 1159 3569 iste
1178 3496 1215 3568 in
1237 3494 1384 3569 furando
1406 3519 1481 3570 ma·

437 3618 538 3694 nibus
556 3619 643 3711 suis,
658 3618 767 3694 oeulis
780 3617 920 3696 illorum
936 3628 1091 3698 uteretur
1110 3620 1175 3714 (3).
1195 3651 1209 3687 a

486 3746 554 3818 Hie
574 3767 640 3843 ego
655 3768 727 3818 nen
747 3769 889 3842 possum
911 3746 994 3843 quin
1008 3747 1125 3820 Verris
1140 3757 1257 3844 partes
1276 3746 1478 3843 suseipiam,

437 3880 543 3967 atque
556 3869 655 3943 illum
673 3869 853 3944 estendam
870 3870 1092 3949 verissimum
1109 3869 1378 3969 pulchritudinis¹
1388 3870 1482 3969 judi·

437 3995 531 4068 cium
562 3994 737 4087 habuisse,
763 4006 882 4092 utpote
904 3996 965 4094 qui
985 4020 1056 4070 nnn
1080 3997 1200 4074 minus.
1214 3997 1350 4071 artificii
1375 4020 1481 4094 quam
1558 4057 1563 4068 .

436 4119 569 4217 argenti
589 4130 665 4192 eret
674 4117 841 4215 ..cupidus
869 4121 981 4217 Hujus
1003 4131 1122 4200 autem
1142 4122 1419 4214 existimationis,
1442 4135 1481 4196 ut

431 4252 616 4339 putaretur
631 4243 667 4314 in
680 4241 782 4316 hisee
799 4242 903 4320 rebus
917 4243 1111 4343 intelligens
1127 4268 1218 4337 esse,
1237 4268 1317 4318 eum
1339 4246 1388 4318 ita
1410 4257 1481 4321 stu·

436 4365 573 4440 <lineum
591 4364 701 4440 luisse
719 4367 915 4464 accepimus
929 4379 968 4443 ut
986 4399 999 4433 α
1014 4379 1135 4467 postea
1147 4392 1254 4466 quam
1267 4368 1372 4442 luerit
1384 4392 1480 4444 eom·

436 4490 692 4587 perendinatns,
709 4504 923 4591 argenteum,
940 4494 1033 4591 apud
1050 4498 1244 4588 Sisennam,
1260 4495 1480 4593 unumquod-

476 4803 515 4877 (l)
537 4803 588 4878 IV,
607 4805 654 4865 13.

475 4900 516 4975 (2)
541 4898 655 4962 «Dicet
667 4899 775 4979 aliquis
791 4920 799 4962 :
814 4901 914 4975 Quint
927 4904 974 4964 Tu
990 4901 1046 4964 ista
1067 4918 1233 4983 permagno
1253 4900 1402 4964 estiment
1416 4904 1480 4981 Ego

435 5013 507 5057 vero
519 4994 558 5057 ad
570 4996 829 5059 meam-rationem
844 5017 995 5080 usumque
1005 5016 1110 5061 meum
1128 5016 1189 5062 non
1203 4998 1321 5062 aestimo
1337 5016 1346 5061 ε
1361 5016 1480 5061 vermu-

435 5100 571 5155 tamene
592 5092 677 5156 vebis
692 5093 732 5155 ita
745 5093 873 5157 arbitror
885 5095 1015 5177 spectari
1036 5100 1191 5176 opertere,
1213 5095 1319 5177 quanti
1335 5096 1414 5170 haen,
1427 5114 1487 5157 eoa

435 5207 503 5253 rum
510 5188 625 5268 jndicio
637 5190 690 5272 qui
702 5190 828 5255 studiosi
842 5199 913 5255 sunt
931 5193 1039 5257 harum
1058 5212 1171 5271 rernm,
1187 5193 1411 5257 aestimentur.»
1427 5196 1476 5270 lv,

436 5288 466 5362 ¹1,
481 5288 533 5358 59,
548 5286 598 5347 60.

477 5385 517 5461 (3)
539 5385 577 5445 In
597 5385 689 5462 Vera,
705 5387 754 5463 lV,
779 5388 824 5447 ll.
