3534 7267
828 1725 903 1783 Qllll)
929 1725 969 1771 uu
995 1725 1096 1773 sionis

721 1980 760 2047 V.
779 2018 825 2031 -
846 1978 972 2049 Tnmu·
992 1978 1191 2050 Emesam.

481 2232 655 2302 Jamuern
669 2236 846 2298 maturum
863 2236 917 2298 est
932 2224 1168 2298 demonstrare
1184 2224 1260 2296 haec
1276 2222 1393 2297 omnia
1403 2233 1479 2294 tan*

435 2365 510 2426 turn
528 2350 573 2425 ad
586 2353 738 2451 speciem
757 2374 830 2424 esse
841 2353 1045 2448 composita
1061 2363 1097 2424 et
1111 2350 1155 2424 ad
1169 2351 1201 2423 id
1218 2348 1482 2423 accommodata

436 2488 488 2568 ut,
502 2500 572 2549 non
588 2478 665 2573 quis
683 2476 799 2566 luerit,
825 2473 887 2547 sed
903 2474 1012 2571 qualis
1031 2474 1153 2548 haberi
1170 2473 1317 2546 voluerit
1336 2474 1385 2543 Μ.
1405 2471 1484 2544 Tul.-

437 2600 517 2692 lius,
540 2598 723 2672 ostendant
742 2625 751 2669 t
773 2621 878 2695 quem
895 2609 1028 2689 contra,
1053 2598 1082 2670 si
1104 2597 1159 2669 vel
1177 2594 1357 2693 paululum
1374 2606 1482 2667 atten-

437 2724 604 2817 derimus,
619 2723 813 2796 videbimus
824 2723 917 2795 hunc
928 2721 1106 2795 hominem
1118 2745 1194 2795 esse
1206 2724 1278 2818 qui,
1296 2742 1367 2793 nen
1379 2719 1482 2793 modo

439 2850 594 2938 Graecos,
607 2869 730 2920 uerum
750 2847 855 2918 etiam
872 2847 990 2918 omnia
1006 2869 1084 2943 quae
1101 2846 1146 2920 ab
1166 2846 1209 2919 iis
1226 2846 1322 2918 fuere
1344 2845 1484 2917 inventa

440 2982 500 3043 aut
514 2970 662 3061 exculta,
674 2969 793 3067 diligat
808 2982 911 3067 atque
927 2981 1040 3063 amet3
1057 2972 1113 3042 cui
1129 2969 1266 3042 luxuria
1282 2993 1353 3041 non
1365 2968 1483 3041 admo-

440 3094 524 3168 dum
545 3093 740 3190 displiceat,
768 3094 797 3167 si
821 3093 925 3167 modo
948 3091 1095 3194 ingenua
1113 3096 1158 3167 sit
1177 3119 1218 3167 ac
1233 3094 1406 3187 liberalis3
1423 3095 1483 3191 qui

441 3220 559 3318 signa,
589 3219 651 3314 qui
668 3218 810 3292 tabulas·
829 3220 941 3316 pictas
958 3222 1006 3291 ita
1024 3219 1194 3317 intelligat
1221 3230 1256 3291 et
1271 3218 1419 3317 judicet,
1444 3229 1484 3289 ut

439 3344 559 3416 nescio
577 3365 622 3414 an
639 3342 789 3439 aliquem
804 3344 981 3439 scripserit
997 3343 1136 3435 librum,
1155 3344 1192 3415 in
1208 3366 1278 3438 quo
1295 3342 1483 3441 elegantias

441 3465 526 3537 istas
545 3488 615 3537 non
639 3489 713 3538 sue·
729 3468 886 3538 sermoni·
903 3466 1111 3560 admisceat,
1138 3478 1198 3540 aut
1221 3490 1304 3539 cum
1331 3468 1484 3540 hisncn

442 3603 552 3664 artem
570 3592 756 3663 oratoriam
772 3603 850 3688 apte
869 3605 1055 3689 comparet

488 3716 666 3801 Quantum
684 3716 804 3788 Cicero
822 3716 964 3788 Graecos
990 3718 1244 3815 amaverim),
1266 3729 1370 3815 atque
1393 3729 1484 3790 artas

442 3920 570 4003 rit'quid
583 3918 622 3981 sit
644 3918 683 3981 ad
706 3918 990 4001 perpendiculum.»
1014 3922 1080 3985 Lib.
1101 3923 1153 3999 tv,
1180 3924 1218 3985 57
1237 3940 1245 3985 ε
1265 3924 1367 3984 «Nam
1389 3937 1485 4001 quum

443 4017 509 4099 ipsa
521 4016 580 4079 tuit
593 4015 737 4098 (Sappho)
750 4016 870 4097 egregie
883 4016 972 4097 lacta,
986 4023 1053 4080 tum
1064 4018 1249 4101 epigramma
1261 4028 1395 4099 gracum
1412 4034 1484 4099 per-
1591 4088 1593 4093 ,

443 4113 685 4179 nebileincisum
696 4108 1099 4197 hahmtinhsd,quudiste
1110 4115 1350 4179 mdimshcmt)
1362 4120 1395 4178 et
1407 4132 1485 4195 grae·

444 4209 987 4293 mumqubaeemhntrtajudest,
1007 4212 1489 4294 qusomsimemstmam

444 4306 712 4388 litteramgrsccam
725 4308 842 4387 scisset,
854 4316 937 4372 certe
953 4328 1016 4374 nnn
1029 4310 1238 4373 sustulisset.»
1254 4344 1294 4357 —
1305 4308 1369 4371 Lrb.
1384 4308 1484 4385 Ul.

449 4405 538 4469 «Sed
548 4406 695 4492 scriptum
706 4412 803 4470 exstat
812 4407 845 4470 in
858 4407 966 4471 iisdem
977 4408 1096 4486 litteris,
1110 4407 1195 4491 quod
1204 4407 1260 4469 iste
1269 4407 1362 4470 homo
1373 4404 1485 4468 barba-

444 4521 497 4566 rus
508 4521 544 4565 ac
556 4501 720 4567 dissolutus
733 4521 834 4585 neque
847 4504 1005 4569 attendere
1019 4523 1166 4587 unquam,
1191 4509 1304 4588 neque·
1319 4503 1485 4584 intelligere

331 4673 333 4677 ,
445 4589 814 4683 ροιιιίιεέδαώθησαν.»’
1282 4640 1284 4643 -

485 4698 528 4776 (l)
545 4699 653 4761 PrcL.
664 4700 784 4776 Flacco,
799 4700 850 4776 tv,
863 4703 933 4763 91«
947 4699 978 4761 Si
989 4699 1058 4782 quis
1072 4717 1207 4783 unquam
1218 4700 1257 4764 de
1267 4700 1378 4763 nostris
1385 4699 1486 4765 homi·

445 4794 535 4859 nibus
544 4814 681 4875 agerere
690 4795 759 4877 isto,
770 4796 871 4860 studio
881 4815 918 4861 ac
927 4798 1092 4877 voluntate,
1108 4815 1170 4862 nen
1179 4798 1343 4862 abhorrens
1353 4797 1422 4874 luit,
1435 4814 1486 4858 me

445 4899 477 4956 et
497 4910 563 4955 esse
576 4892 712 4971 arbitrer,
736 4895 890 4975 etmagis
914 4895 1106 4973 etiamtum,
1129 4914 1226 4978 quum
1242 4896 1312 4978 plus
1331 4901 1396 4958 erat
1420 4894 1485 4969 otii,

444 4989 575 5052 luisse.»
589 4989 749 5071 Distinguit
761 4991 793 5054 in
805 4992 913 5055 eadem
923 4993 1071 5071 eratione,
1085 4993 1283 5057 Athenienses
1293 4992 1488 5056 Lacedaemo·-

446 5086 586 5167 niesque,
602 5088 765 5168 exquibus
776 5088 850 5151 dicit
864 5096 1002 5153 constare
1014 5108 1118 5153 veram
1129 5097 1221 5172 atque
1234 5090 1385 5169 integram
1400 5090 1486 5151 Grae·

446 5186 538 5261 cmm,
557 5184 595 5247 ab
613 5185 739 5249 asiaticis
756 5188 879 5265 Graecis,
902 5190 955 5273 qui
976 5190 1111 5271 plerique
1133 5189 1326 5271 impudentes
1343 5187 1486 5250 illitterati

447 5288 519 5343 sunt
532 5289 564 5343 et
576 5282 667 5344 leves.
686 5285 792 5361 XXVI,
805 5288 922 5349 XXVll.
942 5287 1019 5349 Vide
1033 5287 1124 5349 etiam
1142 5289 1182 5348 cd
1196 5287 1345 5363 mictum
1368 5288 1485 5364 Epist„

447 5380 497 5441 lib.
508 5381 531 5457 l,
547 5400 598 5461 ep.
614 5383 638 5457 Ι,
649 5386 679 5460 9,
696 5392 726 5444 et
736 5385 777 5445 ad
788 5388 941 5462 Atticam,
952 5388 974 5465 l,
988 5388 1050 5447 XV.
1064 5408 1079 5445 c
1092 5388 1177 5448 Nunc
1189 5384 1333 5467 queniam
1344 5388 1376 5445 et
1388 5381 1486 5445 laudis

446 5476 604 5540 avidissimi
619 5497 739 5560 semper
748 5482 901 5546 luimuset
914 5490 1023 5565 praeter
1034 5480 1326 5565 ceterosprlle‘ttaver
1338 5486 1370 5541 et
1381 5489 1486 5542 sumus
