3534 7267
446 1640 491 1706 72
829 1658 905 1715 outo
931 1658 971 1705 na
997 1656 1097 1705 sienis

445 1784 590 1858 modum
611 1786 705 1856 enim
718 1782 874 1880 Apellam
891 1795 926 1856 et
946 1785 1173 1880 Protogenem
1186 1780 1315 1854 ambos
1334 1781 1486 1879 pulchri·

446 1909 577 1984 tudinis
592 1910 630 1981 in
648 1911 786 2007 pictura
803 1919 964 1980 auctores
988 1906 1107 1998 allert,
1128 1908 1190 1997 ita,
1210 1907 1248 1977 in
1265 1915 1345 1978 arte·
1357 1918 1486 1979 statua-

447 2037 517 2127 ria,
547 2034 761 2133 Polycletum
795 2044 830 2106 et
857 2030 1017 2103 Phidiam
1044 2032 1147 2127 quasi
1177 2033 1353 2103 communi
1386 2031 1487 2104 laude
1552 2081 1555 2086 -

447 2160 634 2257 conjungit.
658 2158 724 2231 Ubi
745 2158 837 2230 enim
856 2155 933 2228 laus
948 2167 1001 2227 est
1019 2154 1113 2251 apud
1132 2178 1211 2229 eum
1232 2156 1308 2227 lovi
1319 2155 1487 2253 'Olympio

445 2298 481 2371 pt
505 2285 687 2373 Minerva,
716 2282 867 2378 occurrit
893 2281 1022 2378 pariter
1048 2280 1211 2352 laudatus
1235 2280 1484 2378 Doryphorus,
1610 2346 1616 2355 .

447 2408 589 2503 perinde
616 2407 706 2479 acsi
727 2407 763 2477 in
783 2405 837 2477 his
857 2414 1004 2501 quatuor
1021 2403 1197 2501 operibus,
1219 2425 1344 2501 nempe
1364 2405 1401 2475 in
1421 2407 1488 2475 Ve-

452 2556 533 2605 nere
553 2535 636 2623 Coa,
662 2531 785 2628 lalyso,
812 2533 895 2602 Jove
918 2527 1096 2626 Olympio,
1123 2528 1347 2626 Doryphoro,
1374 2531 1487 2601 omnis

448 2660 573 2729 artium
592 2666 698 2729 staret
711 2652 944 2752 pulchritudo.
967 2656 1128 2743 Attamen
1142 2653 1272 2726 Plinius
1286 2666 1403 2726 censet
1419 2666 1488 2726 sta·

447 2783 595 2855 tuariam
613 2783 717 2853 etiam
741 2792 851 2851 artem
868 2778 958 2850 ultra
977 2779 1199 2873 processisse,
1219 2780 1276 2851 cui
1297 2778 1485 2875 plurimum

448 2909 496 2977 ait
506 2904 693 2978 contulisse
703 2897 892 3001 Lysippum
912 2932 924 2967 a
943 2901 1105 2998 capillum'
1120 2900 1356 2997 exprimendo,
1372 2905 1485 3000 capita

378 3082 381 3090 ·
447 3032 582 3102 minora
598 3029 755 3101 iaciendo
774 3030 880 3124 quarn
901 3028 1045 3123 antiqui,
1066 3051 1211 3122 corpora
1231 3027 1411 3125 graciliora
1424 3030 1488 3100 sic-

447 3156 627 3251 cioraque,
646 3176 709 3250 per
724 3175 802 3250 quae
817 3152 1009 3249 proceritas
1029 3152 1209 3248 signorum
1228 3159 1338 3249 major
1358 3152 1489 3225 videre-

446 3281 581 3375 tur(l).
604 3310 617 3344 r

495 3407 541 3476 At
549 3405 706 3476 Ciceroni
715 3404 902 3475 novitatem
915 3401 1013 3473 illam'
1021 3426 1090 3474 non
1101 3399 1289 3474 admodum
1297 3401 1484 3497 placuisse,

446 3553 515 3601 non
550 3530 724 3601 immerito
763 3527 911 3600 fortasse
944 3525 1143 3598 credideris.
1176 3527 1315 3597 Etenim
1344 3528 1486 3625 Lysippi

445 3675 571 3723 nomen
583 3653 709 3747 sapius
722 3651 828 3723 affert
843 3674 948 3747 quam
962 3673 1068 3745 opera
1079 3673 1170 3746 quae,
1188 3661 1229 3722 ut
1242 3651 1357 3723 minus
1373 3662 1485 3749 grata,

446 3776 623 3847 memoria
651 3782 724 3872 ejus
749 3774 879 3847 tardius
910 3786 1109 3847 occurrunt.
1132 3777 1223 3863 Quin
1246 3778 1350 3847 etlam
1378 3800 1487 3874 genus

445 3899 528 3972 illud
554 3901 731 3998 signorum
757 3898 924 3991 sublime,
951 3899 1119 3997 simplex,
1140 3899 1370 3996 quadratum,
1395 3903 1486 3998 quod

447 4026 513 4097 luit
542 4023 671 4096 Phidiae
699 4037 732 4095 et
759 4023 922 4121 Polycleti
948 4023 1021 4120 (2),
1045 4026 1179 4122 magis,
1208 4037 1246 4098 ut
1270 4026 1483 4123 supradixi,
1567 4126 1570 4131 ι
1641 4106 1643 4109 ⁴

447 4174 552 4246 quam
577 4147 661 4222 illud
686 4147 813 4247 gracile
844 4150 1044 4246 siccumque
1081 4150 1240 4247 Lysippi,
1276 4151 1485 4225 laudandum

447 4284 578 4350 censet.
1395 4343 1397 4348 ,

494 4400 576 4469 Post
593 4396 657 4468 hos
679 4396 832 4493 insignes
848 4380 953 4489 ¹uiros,
975 4419 1226 4493 supervacuum
1246 4407 1297 4469 est
1313 4397 1486 4488 dicerede

446 4523 573 4617 Scopa,
593 4519 791 4611 Alcameue,
818 4521 1004 4612 Silanione,
1026 4521 1156 4593 Boetho
1171 4523 1237 4617 (3),
1262 4547 1410 4619 quorum
1425 4548 1486 4594 no-

449 4950 463 4983 «
478 4929 553 4988 Nam
587 4931 622 5003 Q.
656 4929 806 4992 Hortensii
828 4929 995 4992 admodum
1018 4930 1218 4993 adolescentis
1246 4930 1417 5009 ingenium,
1453 4940 1486 4992 ut

446 5024 556 5086 Phidiae
573 5026 707 5105 siguum,
726 5028 815 5089 simul
830 5035 993 5109 aspectum,
1014 5035 1045 5091 et
1067 5028 1226 5108 probatum
1245 5034 1302 5090 est.
1315 5052 1330 5087 n
1357 5032 1483 5107 Brutos,

445 5122 543 5195 LXW,
559 5123 628 5184 Μ.
718 5136 723 5143 ·

485 5220 530 5299 ny
549 5205 681 5295 xxxiv,
697 5223 746 5283 ro.
894 5308 899 5318 .

485 5321 526 5394 (ἢ)
548 5318 661 5380 Clarae.
683 5319 793 5396 uarat,
811 5338 841 5399 p.
859 5323 928 5382 380.
1027 5313 1031 5318 ’
1155 5322 1158 5327 ’

376 5468 378 5474 ,
499 5420 526 5491 3)
549 5417 583 5475 ln
604 5418 699 5489 Vera,
713 5417 834 5494 1V‚57;
848 5418 898 5492 Ν,
915 5422 966 5479 ld.
