3534 7267
680 1718 893 1765 6116111111.
922 1720 1070 1768 rutulus.
1352 1703 1396 1767 17

359 1848 443 1919 mihi
459 1847 604 1937 videtur,
622 1870 694 1919 sure
712 1847 821 1942 ipsius
838 1847 1039 1919 eruditionis
1056 1848 1227 1941 conscius,
1243 1872 1312 1920 non
1325 1851 1399 1922 sine

274 2010 276 2015 s
358 1976 473 2071 aliquo
486 1974 725 2070 imperitorum
743 1985 963 2068 contemptu,
986 1976 1189 2070 scripsisse:
1215 2006 1228 2040 1
1247 1976 1345 2064 Quod
1363 1977 1398 2047 iu

357 2098 589 2195 poematibus,
605 2098 696 2171 idem
710 2099 747 2169 in
764 2100 908 2194 picturis
926 2123 993 2171 usu
1010 2100 1126 2172 venire
1148 2128 1155 2170 :
1179 2112 1217 2172 ut
1232 2100 1400 2173 delecten-

357 2233 414 2294 tur
440 2222 603 2317 imperiti,
627 2220 836 2318 laudentque
867 2246 908 2295 ea
934 2246 1011 2319 quae
1029 2222 1201 2298 laudanda
1223 2250 1292 2297 non
1311 2227 1402 2316 sint,

358 2346 403 2419 ob
416 2370 495 2418 eam
508 2345 651 2419 forsitan
665 2370 808 2419 eausam
823 2346 916 2443 quod
929 2348 1011 2419 insit
1021 2349 1057 2419 in
1071 2348 1126 2419 his
1141 2348 1271 2445 aliquid
1283 2349 1396 2445 probi,

357 2470 450 2567 quod
468 2472 581 2567 capiat
598 2473 750 2569 ignaros,
773 2471 1003 2569 quiquidem,
1031 2473 1113 2569 quid
1132 2474 1168 2545 in
1193 2498 1399 2571 unaquaque

358 2623 394 2669 re
406 2598 480 2669 vitii
494 2597 550 2687 sit,
566 2608 739 2691 nequeant
749 2596 903 2693 judicare
918 2597 983 2694 (l).
1005 2630 1018 2663 1
1037 2600 1116 2673 Non
1129 2609 1247 2671 tamen
1262 2622 1399 2671 omnem

358 2719 656 2819 dijudicandarum
674 2720 799 2816 artium
827 2744 968 2793 sensum
990 2723 1158 2817 imperitis
1181 2722 1313 2815 adimit,
1341 2726 1400 2819 qui

359 2857 501 2917 eontra:
527 2876 543 2903 u
564 2868 702 2934 omnes,
724 2848 856 2942 inquit,
878 2847 983 2918 tacito
1008 2845 1160 2943 quodam
1177 2871 1300 2937 sensu,
1327 2849 1400 2921 sine

358 2970 429 3043 ulla
447 2984 518 3042 arte
534 2982 594 3042 aut
612 2972 755 3060 ratione,
777 2995 855 3067 qum
872 2973 939 3043 sint
955 2972 990 3042 iu
1005 2971 1138 3044 artibus
1152 2995 1192 3043 ac
1210 2972 1401 3046 rationibus

358 3109 453 3169 recta
475 3121 516 3169 ac
543 3120 661 3193 prava,
683 3096 870 3193 dijudicant
887 3127 894 3167 :
912 3097 1014 3194 idque
1038 3122 1118 3170 cum
1143 3099 1274 3171 faciunt
1295 3100 1331 3171 in
1353 3101 1402 3195 pi-

358 3223 467 3295 cturis
495 3233 529 3294 et
554 3222 590 3293 in
613 3222 735 3319 signis,
755 3235 790 3293 61
806 3223 842 3293 iu
868 3221 945 3293 aliis
971 3223 1155 3318 operibus,
1180 3224 1224 3296 ad
1256 3249 1400 3321 quorum

357 3346 616 3444 intelligentiam
646 3369 666 3416 a
700 3356 823 3417 natura
849 3346 964 3417 minus
996 3346 1125 3419 habent
1159 3348 1397 3437 instrumenti,

358 3484 495 3543 tum....
517 3472 615 3562 (2).n
703 3528 705 3531 -

408 3598 520 3683 Quam
539 3592 649 3666 multa
669 3604 786 3665 autem
804 3592 845 3665 de
867 3595 1004 3690 pictura
1023 3607 1057 3666 et
1077 3593 1118 3666 de
1141 3594 1308 3666 statuaria
1326 3617 1403 3665 nar-

358 3719 504 3808 raverit,
531 3729 658 3790 aut-ex
679 3718 723 3789 iis
755 3717 890 3790 artibus
916 3718 1122 3815 deprompta
1141 3719 1177 3787 in
1199 3716 1401 3814 eloquentiae

358 3842 576 3940 disciplinam
600 3842 794 3933 detorserit,
815 3845 873 3915 vix
900 3869 988 3941 opus
1007 3855 1060 3916 est
1082 3866 1296 3932 enumerare,
1313 3866 1402 3939 prae-

359 3968 478 4039 sertim
505 3991 586 4038 cum
614 3965 689 4038 haec
719 3967 864 4039 forsitan
890 3969 1026 4040 notiora
1054 3969 1142 4058 sint3
1175 3989 1253 4062 quae
1287 3977 1402 4037 tamen

359 4093 476 4163 omnia
488 4093 518 4163 si
534 4092 612 4188 quis
626 4093 743 4164 animo
758 4071 1073 4188 comprehenderit,
1086 4090 1127 4188 de
1140 4090 1263 4182 Tullio,
1280 4101 1318 4161 ut
1331 4091 1403 4187 opi·

359 4241 435 4309 nor,
452 4216 538 4290 illud
554 4216 778 4308 asseverabit,
791 4216 883 4313 quod
902 4218 976 4312 ipse
991 4218 1040 4287 ait
1058 4214 1307 4306 delictoribus,
1326 4215 1400 4310 qui,

360 4344 425 4415 etsi
442 4343 577 4438 pictura
593 4365 663 4413 non
680 4352 837 4431 utuntur,
858 4352 975 4413 tamen
994 4351 1112 4412 utrum
1130 4341 1241 4412 scient
1264 4340 1403 4436 pingere

360 4490 404 4538 an
419 4468 572 4544 nesciant
587 4491 655 4539 non
673 4466 861 4554 obscurum
880 4477 932 4539 est
950 4466 1015 4559 (3).
1031 4465 1173 4553 Quoties
1187 4464 1292 4554 enim,
1311 4471 1350 4534 ut
1367 4463 1401 4533 in

245 4576 248 4581 ⁵
359 4593 425 4664 hae
440 4593 578 4664 Catonis
597 4589 710 4681 laude,
726 4589 834 4663 verba
846 4613 889 4662 ex
901 4590 1038 4686 pictura
1050 4584 1217 4694 translata
1232 4592 1399 4679 usurpat:

402 4905 439 4985 (1)
466 4908 510 4966 De
521 4904 650 4984 Officiis,
666 4902 719 4966 lib.
731 4905 782 4980 Ill,
799 4906 827 4964 3.

400 5005 441 5083 12)
466 5005 510 5063 De
526 5006 625 5075 Orat,
640 5001 694 5063 lib.
712 5004 762 5080 Ill,
775 5004 825 5076 50,
841 5000 916 5062 etin
931 4995 1039 5061 eodem
1054 4997 1143 5072 libro,
1158 4999 1194 5059 nl
1211 5011 1220 5056 t
1246 4992 1405 5057 «Mirabile

361 5106 418 5174 est,
429 5119 500 5162 cum
511 5099 674 5181 plurimum
688 5098 718 5160 in
732 5099 869 5161 faciendo
880 5096 999 5159 intersit
1011 5095 1089 5157 inter
1105 5093 1229 5157 doctum
1239 5096 1271 5152 et
1284 5089 1401 5165 mdem,

361 5215 453 5278 quam
465 5214 525 5259 non
539 5197 669 5258 multum
683 5196 802 5258 differet
814 5195 845 5256 in
861 5194 1037 5274 iudicando.
1054 5193 1110 5253 Ars
1132 5190 1213 5266 onim
1236 5206 1307 5250 eum
1320 5204 1338 5249 a
1351 5204 1406 5247 na·

362 5303 429 5357 tura
448 5294 648 5375 prolectant,
668 5293 723 5355 nisi
745 5299 850 5355 natura
873 5296 992 5354 moveat
1014 5309 1049 5352 eo
1071 5288 1217 5363 delectet,
1239 5284 1310 5346 nihil
1334 5300 1405 5345 sene

362 5392 459 5470 egisse
468 5392 615 5454 videatur.
630 5413 644 5448 u

359 5544 365 5555 .
403 5492 444 5566 13)
469 5492 512 5550 De
530 5491 632 5562 Orat,
646 5487 698 5549 lib.
714 5490 739 5565 l,
756 5493 804 5549 16.
