3534 7267
361 1651 407 1717 42
694 1740 696 1744 Ι
740 1668 823 1742 voum
850 1668 890 1714 nn
915 1668 1018 1717 sienis

360 1792 531 1891 nusquam
567 1803 641 1881 est,
677 1790 768 1888 quod
802 1804 918 1865 autem
952 1794 1036 1865 satis
1071 1806 1144 1883 est,
1184 1795 1268 1890 ipsis
1297 1796 1399 1866 relio-

360 1932 445 2015 quat
465 1921 477 2011 (
484 1921 529 2012 1).
1197 1926 1198 1929 ’
1236 1935 1237 1940 ’

409 2043 549 2116 Censuit
574 2043 666 2114 enim
686 2044 813 2115 Noster
832 2040 866 2112 id
886 2040 978 2138 quod
999 2040 1180 2138 probabile
1201 2054 1291 2114 esset
1315 2045 1398 2115 satis

359 2190 518 2265 magnam
537 2166 608 2238 vim
628 2165 758 2238 habere
778 2164 822 2237 ad
840 2176 945 2237 artes.
968 2164 1080 2257 Quod,
1101 2163 1217 2257 credo,
1244 2178 1336 2239 recte
1355 2167 1399 2240 ab

358 2316 399 2363 eo
417 2291 526 2362 fnisse
542 2288 735 2387 judicatum
753 2312 874 2361 omnes
889 2287 993 2361 facile
1008 2290 1233 2363 consentient.
1258 2293 1400 2364 Verum-

357 2430 472 2488 tamen
484 2416 541 2488 hio
555 2438 619 2513 ego
635 2439 702 2487 non
716 2440 859 2511 possum
872 2426 940 2487 non
955 2415 1071 2487 mirari
1089 2415 1182 2511 quod
1194 2417 1237 2507 is,
1254 2416 1311 2512 qui
1326 2427 1398 2488 tam

358 2543 444 2614 scite
472 2552 614 2638 tamque
644 2540 816 2613 subtiliter
836 2539 878 2612 de
903 2540 958 2611 his
988 2539 1090 2613 rebus
1110 2538 1266 2637 Judicare
1285 2541 1394 2631 solet,

358 2665 541 2761 aliquando
554 2664 659 2736 etiam
669 2665 703 2735 in
714 2662 836 2736 iisdem
845 2686 953 2760 prope
962 2665 1110 2736 insanire
1125 2663 1294 2756 videatur.
1312 2669 1398 2738 Cum

359 2790 451 2862 enim
474 2790 510 2861 in
532 2790 646 2885 primo
664 2786 706 2861 de
727 2789 947 2861 Divinatione
969 2787 1056 2870 libro
1075 2788 1207 2860 inducit
1233 2790 1398 2877 Quintum

358 2916 408 2985 ita
429 2913 626 3009 loquentem
654 2914 703 3007 (2)
732 2942 739 2982 :
767 2947 780 2975 u
810 2910 985 3008 Adspcrsa
1007 2922 1136 2984 temere
1167 2913 1344 3016 pigmenta
1363 2914 1398 2986 in

358 3038 476 3111 tabula
499 3038 568 3109 oris
587 3021 798 3110 lineamenta
823 3036 987 3134 effingere
1010 3048 1171 3133 possunt3
1192 3060 1276 3108 num
1294 3038 1398 3110 etiam

359 3164 501 3235 Veneris
516 3165 594 3235 Coae
612 3159 904 3257 pulchritudinem
923 3160 1042 3259 effingi
1059 3184 1161 3258 posse
1179 3160 1399 3258 adspersione

359 3286 501 3357 fortuita
524 3283 652 3382 putas?
680 3316 693 3349 o
726 3288 810 3357 Haec
835 3298 956 3357 contra
976 3286 1119 3382 opponit
1145 3313 1153 3356 ε
1183 3284 1340 3359 «Habes
1366 3297 1401 3357 et
1489 3295 1492 3301 ’

359 3409 609 3506 respersionem
618 3410 890 3507 pigmentorum.
899 3463 923 3479 ..
937 3407 1029 3480 idem
1046 3408 1258 3482 Carneadem
1272 3409 1400 3507 fingere

359 3531 445 3604 dicis
461 3530 503 3603 de
521 3534 634 3629 capite
647 3534 784 3605 Panisci
804 3535 870 3627 (3).
893 3535 998 3621 Quasi
1014 3557 1083 3605 non
1103 3535 1254 3630 potuerit
1267 3533 1302 3605 id
1321 3557 1398 3607 eve·

358 3657 431 3728 nire
446 3680 540 3747 nasu,
561 3668 595 3729 et
615 3673 692 3729 non·
705 3659 741 3729 in
760 3657 855 3729 omni
871 3680 1044 3730 marmore
1062 3680 1201 3730 necesse
1223 3658 1267 3730 sit
1286 3660 1399 3732 inesse

358 3780 412 3851 vel
436 3780 619 3852 Praxitelia
646 3783 762 3877 capita
791 3783 854 3874 (4).
890 3812 903 3845 l
932 3781 1009 3856 Sint
1032 3804 1114 3852 sane
1140 3780 1200 3853 illa
1225 3782 1340 3878 capita
1364 3783 1398 3854 in
1468 3840 1471 3845 .

359 3928 532 3976 marmore
548 3904 694 3988 inclusa,
715 3929 784 3977 non
799 3917 915 4015 tamen
928 3907 1080 4002 cujusvis
1093 3917 1146 3978 est
1159 3907 1293 4002 opificis
1308 3930 1350 3979 ea
1363 3910 1399 3979 in
1439 3947 1444 3956 ·

359 4031 473 4103 lucem
498 4053 628 4121 eruere,
655 4054 718 4103 nec
736 4031 893 4128 pmiecto
917 4054 1018 4104 casus
1040 4056 1104 4128 pro
1124 4032 1293 4106 Praxitele
1321 4010 1396 4103 erit.

365 4188 378 4218 (ι
402 4158 514 4243 Quare
528 4153 563 4225 id
579 4179 647 4228 non
666 4156 777 4251 possit
790 4157 927 4228 evenire
947 4180 1017 4228 non
1035 4155 1196 4251 equidem
1214 4155 1327 4247 video,
1347 4158 1400 4228 in-

361 4281 435 4375 quit
463 4278 610 4371 Tullius,
636 4280 694 4352 illa
721 4280 815 4351 enim
840 4282 916 4376 ipsa
945 4280 1144 4354 efficiuntur
1170 4279 1397 4372 detractione;

329 4442 331 4445 <
362 4404 636 4501 necquicquam
663 4403 743 4477 illuc
768 4404 915 4477 affertur
933 4427 954 4476 a
972 4403 1144 4477 Praxitele
1174 4437 1181 4475 :
1207 4404 1268 4477 sed
1291 4429 1401 4502 quum

362 4526 471 4599 multa
486 4538 566 4599 sunt
584 4525 749 4617 detracta,
768 4539 803 4601 et
820 4527 864 4600 ad
881 4528 1091 4601 lineamenta
1108 4529 1178 4601 oris
1196 4542 1400 4627 perventum

401 4839 444 4915 (l)
469 4840 624 4914 lentem„
640 4836 693 4897 lib.
704 4838 739 4906 ll,
753 4839 803 4898 lt.

330 4957 334 4964 ·
402 4936 442 5012 (2)
463 4936 507 4995 Dc
522 4936 675 5010 Da'oioot.²
687 4933 740 4995 lib.
753 4936 777 5006 l,
794 4937 842 4995 tt.
920 4927 924 4935 ’

301 5035 305 5041 ’
405 5035 446 5110 (3)
467 5030 588 5091 Dixerat
599 5030 749 5105 Quintus:
771 5030 944 5111 «Fingebat
960 5032 1137 5107 Carneades,
1152 5032 1183 5092 in
1198 5031 1337 5092 Chiorum
1352 5034 1405 5092 La-

365 5128 502 5210 pieidinis
520 5145 593 5189 saxo
606 5127 721 5191 diffisso
732 5134 825 5209 eaput
840 5128 970 5191 extitisse
989 5128 1115 5190 Panisci.
1139 5127 1246 5201 Credo,
1273 5127 1405 5209 aliquam

365 5244 424 5289 non
439 5224 615 5287 dissimilem
626 5224 764 5304 figuram,
781 5226 834 5288 sed
846 5231 927 5289 certe
938 5244 998 5288 non
1009 5228 1112 5301 talem,
1129 5235 1161 5288 ut
1173 5244 1241 5289 eam
1261 5224 1405 5288 laetama

366 5322 625 5404 Scopadieeres.o

408 5422 445 5495 (ll
471 5422 514 5480 De
530 5421 679 5495 Dictaea,
695 5419 744 5480 lib.
765 5423 796 5494 ll,
809 5422 858 5483 21.
