3534 7267
374 1737 420 1805 52
700 1803 703 1808 ,
758 1756 837 1813 oiim
864 1756 904 1801 on
930 1755 1034 1802 sienis

372 1852 610 1981 cognationem
639 1881 800 1954 habeant.
833 1881 1067 1970 Quamobrem
1097 1882 1140 1953 ad
1176 1882 1313 1955 Gallum
1342 1885 1416 1958 hac

370 2007 492 2080 scribit
508 2010 582 2102 (l):
601 2007 773 2088 «Prorsus
783 2027 835 2083 ,cx
850 2003 927 2075 istis
939 2002 1170 2099 emptionibus
1188 2003 1319 2076 nullam
1329 2004 1418 2079 desi-

369 2130 469 2222 dero;
487 2141 655 2203 tuentem
675 2130 815 2226 ignarus
830 2128 978 2199 instituti
994 2128 1076 2220 mei,
1093 2130 1211 2224 quanti
1230 2154 1293 2228 ego
1307 2155 1416 2228 genus

368 2256 509 2331 omnino
525 2255 702 2352 signorum
714 2254 868 2325 omnium
882 2275 951 2323 non
967 2254 1115 2344 aestimo,
1133 2255 1219 2326 tanti
1233 2256 1302 2327 ista
1315 2268 1416 2352 quat-

368 2389 446 2450 tuor
464 2390 525 2449 ant
545 2378 697 2473 quinque
723 2377 948 2472 sumpsisti.»
973 2378 1128 2449 Bacchas
1149 2379 1239 2449 enim
1259 2380 1414 2453 Ciceroni

364 2513 498 2574 emerat
513 2483 630 2574 banus
648 2528 656 2570 :
674 2498 767 2589 inde,
780 2498 915 2595 opinor,
926 2498 1197 2595 pauloseverior
1208 2504 1414 2601 graviorque

366 2629 538 2700 sententia
558 2627 690 2718 Nostri,
712 2626 772 2722 qui
791 2625 940 2698 fortasse
958 2624 1007 2697 ita
1026 2622 1191 2721 loquitur,
1212 2651 1281 2698 non
1300 2626 1414 2709 solum

364 2752 461 2825 uerbi
478 2749 625 2849 augendi
643 2750 767 2850 gratia,
790 2746 972 2821 sedetiam
993 2760 1031 2820 ut
1050 2746 1141 2844 apud
1155 2750 1333 2824 bominem
1355 2750 1414 2825 do-

365 2876 508 2952 licatnm
524 2889 640 2972 ¹atque
670 2876 860 2972 elegantem
892 2876 968 2972 ipse
994 2874 1191 2973 philosophi
1228 2901 1413 2973 personam

364 3004 510 3075 retinere
530 3000 697 3073 videatur.
719 3000 833 3071 Attico
853 3000 958 3089 enim,
976 2998 1076 3096 longo
1097 3000 1165 3074 sibi
1182 3004 1409 3097 amicissimo,

363 3122 407 3197 de
425 3124 550 3197 statuis
569 3120 723 3195 emendis
741 3121 864 3218 scribit
883 3152 891 3191 :
918 3123 1046 3194 «Arce
1064 3136 1191 3196 nostrae
1208 3126 1408 3200 confidito.·»

363 3252 522 3323 Ceterum
534 3247 644 3321 multo
658 3246 769 3342 magis
776 3244 881 3338 Attici
887 3243 1017 3342 judicio
1032 3244 1173 3318 confidit
1185 3271 1291 3344 quem
1304 3250 1407 3345 Galli,

362 3398 481 3471 quem,
498 3370 656 3446 Bacchas
677 3393 753 3442 ase
772 3380 908 3465 emptas
927 3392 1008 3441 cum
1028 3370 1135 3443 Musis
1151 3370 1278 3445 Metelli
1296 3375 1410 3473 inepte

362 3509 634 3593 comparantem,
652 3494 736 3566 satis
751 3493 875 3566 acriter
896 3491 1048 3565 refellit:
1069 3524 1082 3557 o
1103 3497 1147 3565 At
1166 3495 1250 3590 quid
1271 3499 1411 3573 simile?

361 3623 531 3712 Primum,
554 3623 648 3718 ipses
675 3643 739 3716 ego
764 3618 880 3691 Musas
899 3641 1078 3715 nunquam
1101 3622 1188 3691 tanti
1207 3634 1405 3718 putassem:

360 3756 464 3838 atque
485 3741 523 3815 id
541 3742 703 3813 iecissem
727 3740 835 3811 Musis
850 3739 1012 3812 omnibus
1030 3742 1317 3838 approbantibus.
1342 3747 1409 3821 Sed

361 3879 478 3938 tamen
494 3876 568 3938 erat
581 3876 702 3961 aptum
716 3863 948 3955 bibliothocae,
971 3865 1163 3966 studiisque
1184 3874 1310 3945 nostris
1328 3899 1409 3948 con·
1489 3846 1491 3850 Ι

357 4010 500 4085 gruens.
526 3987 672 4060 Bacchis
696 3987 855 4060 vero'ubi
878 4002 933 4062 est
955 3988 1048 4086 apud
1070 4017 1126 4066 me
1151 3995 1270 4070 locus?
1286 4031 1299 4064 s
1324 4001 1409 4073 Pro·

264 4117 281 4140 ⁸
360 4118 452 4189 fecto
471 4126 532 4187 aut
543 4113 706 4186 insanivit
725 4112 859 4205 Gallus,
876 4113 936 4210 qni
954 4138 1024 4186 non
1041 4116 1209 4191 intellexit
1224 4122 1294 4194 ista
1308 4125 1409 4223 signa

358 4241 432 4311 viro
450 4237 494 4310 ad
519 4239 665 4310 stoicam
694 4234 912 4333 disciplinam
944 4261 1060 4311 mores
1089 4247 1308 4339 componenti
1337 4273 1408 4322 non

359 4376 439 4462 apte
462 4362 667 4452 convenire,
693 4371 769 4451 aut,
798 4359 892 4456 quod
919 4362 1141 4435 verisimilius
1165 4378 1236 4458 est,
1260 4369 1408 4444 credidit

360 4476 523 4578 Tullium,
536 4507 639 4581 quem
653 4483 740 4556 bene
754 4495 897 4556 noverat
909 4484 1027 4579 oculos
1039 4486 1192 4562 eruditos
1204 4490 1403 4587 habentem,

358 4613 432 4688 sola
445 4633 587 4710 operum
604 4606 858 4705 pulchritudine
872 4607 917 4680 ad
932 4608 1130 4707 hujusmodi
1145 4614 1244 4713 signa
1260 4618 1406 4695 emenda

356 4738 479 4812 adduci
500 4736 622 4809 solere.
643 4738 689 4806 At
709 4732 856 4804 Baccha
884 4734 961 4805 istae
984 4758 1053 4807 non
1076 4737 1126 4808 ita
1146 4751 1227 4821 sunt
1248 4741 1405 4838 pulchrre

279 4924 282 4929 .
356 4872 395 4933 ut
414 4861 553 4947 Noster,
569 4865 799 4954 proptercas,
818 4852 1016 4928 luxuriosus
1036 4856 1157 4930 haberi
1170 4861 1270 4933 velit:
1294 4896 1307 4929 a
1326 4867 1406 4939 Pul·

356 4982 477 5058 chellae
497 4992 590 5070 sunt,
611 4978 691 5051 novi
715 4979 844 5074 optime
872 4990 907 5049 et
934 5001 1025 5076 saepe
1044 4980 1113 5052 vidi
1129 5014 1166 5071 a,
1188 4985 1403 5083 inquitTul.

355 5108 436 5196 lius,
460 5106 516 5178 cui
538 5103 655 5174 nescio
680 5124 725 5171 en
749 5100 818 5172 ulla
838 5111 954 5173 statua
977 5115 1036 5175 aut
1056 5127 1123 5177 non
1144 5109 1230 5200 visa,
1250 5126 1310 5185 aut
1332 5139 1402 5187 uon

356 5228 472 5303 audita
489 5226 612 5311 inerit;
637 5222 727 5294 «sed
748 5245 788 5292 ea
809 5224 908 5319 signa
928 5247 991 5321 ego
1012 5250 1126 5301 emero
1140 5231 1244 5323 soleo,
1262 5259 1342 5332 quae
1358 5240 1402 5312 ad
1468 5331 1471 5340 Ι

399 5501 438 5578 n)
462 5445 622 5577 napus,
638 5490 692 5554 nu
708 5491 777 5570 vn,
794 5508 842 5570 ep.
857 5447 1019 5569 multu
1035 5496 1170 5564 cattum.
