<?xml version="1.0" encoding="UTF-8"?>
<!DOCTYPE html PUBLIC "-//W3C//DTD XHTML 1.0 Transitional//EN"
    "http://www.w3.org/TR/xhtml1/DTD/xhtml1-transitional.dtd">
<html xmlns="http://www.w3.org/1999/xhtml" xml:lang="en" lang="en">
 <head>
  <title>
</title>
<meta http-equiv="Content-Type" content="text/html;charset=utf-8" />
  <meta name='ocr-system' content='tesseract 3.04.00' />
  <meta name='ocr-capabilities' content='ocr_page ocr_carea ocr_par ocr_line ocrx_word'/>
</head>
<body>
  <div class='ocr_page' id='page_1' title='image "./quiddesignistab00maiggoog_0047.png"; bbox 0 0 3534 7267; ppageno 0'>
   <div class='ocr_carea' id='block_1_1' title="bbox 699 1609 1413 1677">
    <p class='ocr_par' dir='ltr' id='par_1_1' title="bbox 699 1609 1413 1677">
     <span class='ocr_line' id='line_1_1' title="bbox 699 1609 1413 1677; baseline 0.007 -5"><span class='ocrx_word' id='word_1_1' title='bbox 699 1626 854 1672; x_wconf 78' lang='lat' dir='ltr'>sensnum</span> <span class='ocrx_word' id='word_1_2' title='bbox 880 1628 912 1671; x_wconf 85' lang='lat' dir='ltr'>n.</span> <span class='ocrx_word' id='word_1_3' title='bbox 941 1627 1090 1674; x_wconf 77' lang='lat' dir='ltr'>tuturus,</span> <span class='ocrx_word' id='word_1_4' title='bbox 1368 1609 1413 1677; x_wconf 81' lang='lat'>39</span> 
     </span>
    </p>
   </div>
   <div class='ocr_carea' id='block_1_2' title="bbox 269 1745 1415 4964">
    <p class='ocr_par' dir='ltr' id='par_1_2' title="bbox 330 1745 1415 3844">
     <span class='ocr_line' id='line_1_2' title="bbox 372 1745 1414 1855; baseline 0.004 -29"><span class='ocrx_word' id='word_1_5' title='bbox 372 1745 512 1851; x_wconf 87' lang='lat' dir='ltr'>quidem</span> <span class='ocrx_word' id='word_1_6' title='bbox 531 1753 684 1845; x_wconf 83' lang='lat' dir='ltr'>Phidiae,</span> <span class='ocrx_word' id='word_1_7' title='bbox 703 1754 829 1850; x_wconf 83' lang='lat' dir='ltr'>quibus</span> <span class='ocrx_word' id='word_1_8' title='bbox 845 1757 881 1825; x_wconf 91' lang='lat' dir='ltr'>in</span> <span class='ocrx_word' id='word_1_9' title='bbox 894 1753 952 1826; x_wconf 92' lang='lat' dir='ltr'>illo</span> <span class='ocrx_word' id='word_1_10' title='bbox 970 1777 1095 1852; x_wconf 82' lang='lat' dir='ltr'>genere</span> <span class='ocrx_word' id='word_1_11' title='bbox 1107 1756 1295 1850; x_wconf 81' lang='lat' dir='ltr'>perfectius</span> <span class='ocrx_word' id='word_1_12' title='bbox 1310 1758 1414 1855; x_wconf 87' lang='lat' dir='ltr'>&#39;quid-</span> 
     </span>
     <span class='ocr_line' id='line_1_3' title="bbox 373 1872 1413 1978; baseline 0.001 -24"><span class='ocrx_word' id='word_1_13' title='bbox 373 1905 477 1978; x_wconf 87' lang='lat' dir='ltr'>quam</span> <span class='ocrx_word' id='word_1_14' title='bbox 493 1872 671 1953; x_wconf 75' lang='lat' dir='ltr'>sevidisse</span> <span class='ocrx_word' id='word_1_15' title='bbox 686 1891 808 1978; x_wconf 80' lang='lat' dir='ltr'>negat,</span> <span class='ocrx_word' id='word_1_16' title='bbox 824 1877 937 1977; x_wconf 89' lang='lat' dir='ltr'>neque</span> <span class='ocrx_word' id='word_1_17' title='bbox 954 1880 1098 1977; x_wconf 83' lang='lat' dir='ltr'>Ialysus,</span> <span class='ocrx_word' id='word_1_18' title='bbox 1114 1885 1219 1978; x_wconf 87' lang='lat' dir='ltr'>quem</span> <span class='ocrx_word' id='word_1_19' title='bbox 1233 1883 1346 1956; x_wconf 89' lang='lat' dir='ltr'>Rhodi</span> <span class='ocrx_word' id='word_1_20' title='bbox 1365 1887 1413 1955; x_wconf 89' lang='lat' dir='ltr'>vi-</span> 
     </span>
     <span class='ocr_line' id='line_1_4' title="bbox 371 2002 1408 2105; baseline 0.005 -30"><span class='ocrx_word' id='word_1_21' title='bbox 371 2002 440 2096; x_wconf 90' lang='lat' dir='ltr'>dit,</span> <span class='ocrx_word' id='word_1_22' title='bbox 456 2028 568 2101; x_wconf 89' lang='lat' dir='ltr'>neque</span> <span class='ocrx_word' id='word_1_23' title='bbox 587 2008 701 2077; x_wconf 85' lang='lat' dir='ltr'>Venus</span> <span class='ocrx_word' id='word_1_24' title='bbox 723 2003 802 2095; x_wconf 89' lang='lat' dir='ltr'>Coa,</span> <span class='ocrx_word' id='word_1_25' title='bbox 835 2027 948 2101; x_wconf 91' lang='lat' dir='ltr'>neque</span> <span class='ocrx_word' id='word_1_26' title='bbox 971 2007 1106 2101; x_wconf 81' lang='lat' dir='ltr'>signum</span> <span class='ocrx_word' id='word_1_27' title='bbox 1128 2008 1222 2077; x_wconf 86' lang='lat' dir='ltr'>lovis</span> <span class='ocrx_word' id='word_1_28' title='bbox 1244 2007 1408 2105; x_wconf 90' lang='lat' dir='ltr'>Olympii,</span> 
     </span>
     <span class='ocr_line' id='line_1_5' title="bbox 370 2128 1410 2227; baseline 0.003 -27"><span class='ocrx_word' id='word_1_29' title='bbox 370 2152 482 2227; x_wconf 88' lang='lat' dir='ltr'>neque</span> <span class='ocrx_word' id='word_1_30' title='bbox 495 2128 735 2226; x_wconf 80' lang='lat' dir='ltr'>Doryphorus,</span> <span class='ocrx_word' id='word_1_31' title='bbox 756 2130 819 2200; x_wconf 85' lang='lat' dir='ltr'>etsi</span> <span class='ocrx_word' id='word_1_32' title='bbox 834 2128 952 2200; x_wconf 85' lang='lat' dir='ltr'>omnia</span> <span class='ocrx_word' id='word_1_33' title='bbox 963 2128 1199 2225; x_wconf 82' lang='lat' dir='ltr'>pulcherrima</span> <span class='ocrx_word' id='word_1_34' title='bbox 1209 2143 1304 2221; x_wconf 85' lang='lat' dir='ltr'>sunt,</span> <span class='ocrx_word' id='word_1_35' title='bbox 1321 2131 1410 2203; x_wconf 88' lang='lat' dir='ltr'>hanc</span> 
     </span>
     <span class='ocr_line' id='line_1_6' title="bbox 369 2249 1410 2351; baseline 0.002 -27"><span class='ocrx_word' id='word_1_36' title='bbox 369 2250 633 2351; x_wconf 83' lang='lat' dir='ltr'>pulchritudinis</span> <span class='ocrx_word' id='word_1_37' title='bbox 663 2251 872 2348; x_wconf 82' lang='lat' dir='ltr'>imaginem,</span> <span class='ocrx_word' id='word_1_38' title='bbox 895 2274 958 2322; x_wconf 85' lang='lat' dir='ltr'>suo</span> <span class='ocrx_word' id='word_1_39' title='bbox 972 2249 1117 2347; x_wconf 85' lang='lat' dir='ltr'>judicio,</span> <span class='ocrx_word' id='word_1_40' title='bbox 1138 2251 1302 2349; x_wconf 84' lang='lat' dir='ltr'>effingere</span> <span class='ocrx_word' id='word_1_41' title='bbox 1330 2279 1410 2327; x_wconf 89' lang='lat' dir='ltr'>con-</span> 
     </span>
     <span class='ocr_line' id='line_1_7' title="bbox 368 2373 1408 2474; baseline 0.002 -25"><span class='ocrx_word' id='word_1_42' title='bbox 368 2377 484 2449; x_wconf 83' lang='lat' dir='ltr'>lirmat</span> <span class='ocrx_word' id='word_1_43' title='bbox 498 2398 605 2472; x_wconf 89' lang='lat' dir='ltr'>quam</span> <span class='ocrx_word' id='word_1_44' title='bbox 622 2397 733 2471; x_wconf 90' lang='lat' dir='ltr'>neque</span> <span class='ocrx_word' id='word_1_45' title='bbox 749 2373 872 2462; x_wconf 87' lang='lat' dir='ltr'>oculis,</span> <span class='ocrx_word' id='word_1_46' title='bbox 897 2397 1009 2469; x_wconf 89' lang='lat' dir='ltr'>neque</span> <span class='ocrx_word' id='word_1_47' title='bbox 1027 2374 1183 2465; x_wconf 71' lang='lat' dir='ltr'>auribuS,</span> <span class='ocrx_word' id='word_1_48' title='bbox 1207 2399 1317 2474; x_wconf 89' lang='lat' dir='ltr'>nequo</span> <span class='ocrx_word' id='word_1_49' title='bbox 1339 2378 1408 2451; x_wconf 91' lang='lat' dir='ltr'>ullo</span> 
     </span>
     <span class='ocr_line' id='line_1_8' title="bbox 330 2488 1409 2598; baseline 0.003 -24"><span class='ocrx_word' id='word_1_50' title='bbox 330 2488 333 2494; x_wconf 58' lang='grc'>’</span> <span class='ocrx_word' id='word_1_51' title='bbox 368 2496 472 2575; x_wconf 80' lang='lat' dir='ltr'>sensu</span> <span class='ocrx_word' id='word_1_52' title='bbox 499 2511 712 2598; x_wconf 83' lang='lat' dir='ltr'>perceptam,</span> <span class='ocrx_word' id='word_1_53' title='bbox 741 2501 948 2597; x_wconf 82' lang='lat' dir='ltr'>cogitatione</span> <span class='ocrx_word' id='word_1_54' title='bbox 967 2512 1103 2573; x_wconf 87' lang='lat' dir='ltr'>tantum</span> <span class='ocrx_word' id='word_1_55' title='bbox 1126 2513 1160 2573; x_wconf 93' lang='lat' dir='ltr'>et</span> <span class='ocrx_word' id='word_1_56' title='bbox 1181 2516 1297 2575; x_wconf 89' lang='lat' dir='ltr'>mente</span> <span class='ocrx_word' id='word_1_57' title='bbox 1315 2528 1409 2578; x_wconf 85' lang='lat' dir='ltr'>com-</span> 
     </span>
     <span class='ocr_line' id='line_1_9' title="bbox 365 2623 1408 2724; baseline 0.001 -25"><span class='ocrx_word' id='word_1_58' title='bbox 365 2628 528 2724; x_wconf 86' lang='lat' dir='ltr'>plectitur</span> <span class='ocrx_word' id='word_1_59' title='bbox 553 2627 618 2718; x_wconf 88' lang='lat'>(1).</span> <span class='ocrx_word' id='word_1_60' title='bbox 646 2654 659 2689; x_wconf 77' lang='lat' dir='ltr'>o</span> <span class='ocrx_word' id='word_1_61' title='bbox 681 2626 784 2703; x_wconf 86' lang='lat' dir='ltr'>Varia</span> <span class='ocrx_word' id='word_1_62' title='bbox 802 2635 881 2696; x_wconf 83' lang='lat' dir='ltr'>sunt</span> <span class='ocrx_word' id='word_1_63' title='bbox 896 2623 1040 2721; x_wconf 88' lang='lat' dir='ltr'>judicia,</span> <span class='ocrx_word' id='word_1_64' title='bbox 1067 2627 1190 2722; x_wconf 87' lang='lat' dir='ltr'>inquit,</span> <span class='ocrx_word' id='word_1_65' title='bbox 1217 2652 1279 2700; x_wconf 88' lang='lat' dir='ltr'>neo</span> <span class='ocrx_word' id='word_1_66' title='bbox 1296 2628 1408 2700; x_wconf 87' lang='lat' dir='ltr'>facilis</span> 
     </span>
     <span class='ocr_line' id='line_1_10' title="bbox 367 2752 1407 2850; baseline 0.002 -25"><span class='ocrx_word' id='word_1_67' title='bbox 367 2752 561 2848; x_wconf 73' lang='lat' dir='ltr'>explicatio,</span> <span class='ocrx_word' id='word_1_68' title='bbox 591 2774 669 2847; x_wconf 85' lang='lat' dir='ltr'>quae</span> <span class='ocrx_word' id='word_1_69' title='bbox 699 2752 815 2823; x_wconf 90' lang='lat' dir='ltr'>forma</span> <span class='ocrx_word' id='word_1_70' title='bbox 836 2752 988 2823; x_wconf 86' lang='lat' dir='ltr'>maxime</span> <span class='ocrx_word' id='word_1_71' title='bbox 1013 2752 1171 2825; x_wconf 82' lang='lat' dir='ltr'>excellat.</span> <span class='ocrx_word' id='word_1_72' title='bbox 1200 2756 1237 2824; x_wconf 92' lang='lat' dir='ltr'>ln</span> <span class='ocrx_word' id='word_1_73' title='bbox 1265 2756 1407 2850; x_wconf 85' lang='lat' dir='ltr'>picturis</span> 
     </span>
     <span class='ocr_line' id='line_1_11' title="bbox 365 2872 1407 2971; baseline 0.003 -25"><span class='ocrx_word' id='word_1_74' title='bbox 365 2874 449 2947; x_wconf 80' lang='lat' dir='ltr'>alios</span> <span class='ocrx_word' id='word_1_75' title='bbox 469 2873 622 2964; x_wconf 86' lang='lat' dir='ltr'>horrida,</span> <span class='ocrx_word' id='word_1_76' title='bbox 650 2874 800 2960; x_wconf 88' lang='lat' dir='ltr'>inculta,</span> <span class='ocrx_word' id='word_1_77' title='bbox 819 2872 958 2961; x_wconf 87' lang='lat' dir='ltr'>abdita,</span> <span class='ocrx_word' id='word_1_78' title='bbox 978 2886 1013 2946; x_wconf 91' lang='lat' dir='ltr'>et</span> <span class='ocrx_word' id='word_1_79' title='bbox 1030 2900 1164 2971; x_wconf 84' lang='lat' dir='ltr'>opaca:</span> <span class='ocrx_word' id='word_1_80' title='bbox 1182 2889 1301 2950; x_wconf 83' lang='lat' dir='ltr'>contra</span> <span class='ocrx_word' id='word_1_81' title='bbox 1321 2879 1407 2951; x_wconf 88' lang='lat' dir='ltr'>alios</span> 
     </span>
     <span class='ocr_line' id='line_1_12' title="bbox 365 2998 1406 3101; baseline 0.004 -29"><span class='ocrx_word' id='word_1_82' title='bbox 365 2999 486 3090; x_wconf 91' lang='lat' dir='ltr'>nitida,</span> <span class='ocrx_word' id='word_1_83' title='bbox 503 3001 594 3086; x_wconf 82' lang='lat' dir='ltr'>laeta,</span> <span class='ocrx_word' id='word_1_84' title='bbox 611 2999 812 3072; x_wconf 82' lang='lat' dir='ltr'>collustrata</span> <span class='ocrx_word' id='word_1_85' title='bbox 829 2998 1013 3072; x_wconf 88' lang='lat' dir='ltr'>delectant.</span> <span class='ocrx_word' id='word_1_86' title='bbox 1037 3003 1126 3089; x_wconf 83' lang='lat' dir='ltr'>Quid</span> <span class='ocrx_word' id='word_1_87' title='bbox 1145 3016 1209 3095; x_wconf 86' lang='lat' dir='ltr'>est,</span> <span class='ocrx_word' id='word_1_88' title='bbox 1229 3028 1298 3101; x_wconf 91' lang='lat' dir='ltr'>quo</span> <span class='ocrx_word' id='word_1_89' title='bbox 1318 3028 1406 3099; x_wconf 86' lang='lat' dir='ltr'>prae·</span> 
     </span>
     <span class='ocr_line' id='line_1_13' title="bbox 365 3123 1405 3231; baseline 0.005 -35"><span class='ocrx_word' id='word_1_90' title='bbox 365 3126 533 3221; x_wconf 84' lang='lat' dir='ltr'>scriptum</span> <span class='ocrx_word' id='word_1_91' title='bbox 559 3123 709 3221; x_wconf 88' lang='lat' dir='ltr'>aliquod,</span> <span class='ocrx_word' id='word_1_92' title='bbox 731 3134 790 3231; x_wconf 88' lang='lat' dir='ltr'>aut</span> <span class='ocrx_word' id='word_1_93' title='bbox 806 3124 995 3197; x_wconf 84' lang='lat' dir='ltr'>formulam</span> <span class='ocrx_word' id='word_1_94' title='bbox 1014 3128 1209 3223; x_wconf 84' lang='lat' dir='ltr'>exprimas,</span> <span class='ocrx_word' id='word_1_95' title='bbox 1238 3153 1344 3225; x_wconf 92' lang='lat' dir='ltr'>quum</span> <span class='ocrx_word' id='word_1_96' title='bbox 1369 3132 1405 3201; x_wconf 93' lang='lat' dir='ltr'>in</span> 
     </span>
     <span class='ocr_line' id='line_1_14' title="bbox 364 3249 1406 3350; baseline 0.004 -27"><span class='ocrx_word' id='word_1_97' title='bbox 364 3274 427 3323; x_wconf 84' lang='lat' dir='ltr'>suo</span> <span class='ocrx_word' id='word_1_98' title='bbox 453 3249 614 3347; x_wconf 88' lang='lat' dir='ltr'>quodque</span> <span class='ocrx_word' id='word_1_99' title='bbox 642 3274 768 3347; x_wconf 83' lang='lat' dir='ltr'>genero</span> <span class='ocrx_word' id='word_1_100' title='bbox 794 3262 952 3347; x_wconf 87' lang='lat' dir='ltr'>praestet,</span> <span class='ocrx_word' id='word_1_101' title='bbox 984 3264 1020 3323; x_wconf 88' lang='lat' dir='ltr'>et</span> <span class='ocrx_word' id='word_1_102' title='bbox 1040 3275 1168 3348; x_wconf 86' lang='lat' dir='ltr'>genera</span> <span class='ocrx_word' id='word_1_103' title='bbox 1185 3254 1283 3350; x_wconf 85' lang='lat' dir='ltr'>plura</span> <span class='ocrx_word' id='word_1_104' title='bbox 1310 3258 1406 3327; x_wconf 84' lang='lat' dir='ltr'>sint‘l</span> 
     </span>
     <span class='ocr_line' id='line_1_15' title="bbox 364 3372 1401 3472; baseline 0.006 -27"><span class='ocrx_word' id='word_1_105' title='bbox 364 3376 438 3446; x_wconf 90' lang='lat' dir='ltr'>Hac</span> <span class='ocrx_word' id='word_1_106' title='bbox 460 3396 522 3471; x_wconf 82' lang='lat' dir='ltr'>ego</span> <span class='ocrx_word' id='word_1_107' title='bbox 545 3373 709 3471; x_wconf 81' lang='lat' dir='ltr'>religione</span> <span class='ocrx_word' id='word_1_108' title='bbox 736 3396 806 3444; x_wconf 87' lang='lat' dir='ltr'>non</span> <span class='ocrx_word' id='word_1_109' title='bbox 828 3396 906 3445; x_wconf 88' lang='lat' dir='ltr'>sum</span> <span class='ocrx_word' id='word_1_110' title='bbox 934 3372 981 3444; x_wconf 89' lang='lat' dir='ltr'>ab·</span> <span class='ocrx_word' id='word_1_111' title='bbox 995 3374 1061 3445; x_wconf 93' lang='lat' dir='ltr'>hoc</span> <span class='ocrx_word' id='word_1_112' title='bbox 1080 3386 1205 3447; x_wconf 89' lang='lat' dir='ltr'>conatu</span> <span class='ocrx_word' id='word_1_113' title='bbox 1228 3378 1401 3472; x_wconf 78' lang='lat' dir='ltr'>repulsus3</span> 
     </span>
     <span class='ocr_line' id='line_1_16' title="bbox 362 3477 1415 3597; baseline 0.002 -28"><span class='ocrx_word' id='word_1_114' title='bbox 362 3492 636 3595; x_wconf 78' lang='lat' dir='ltr'>existimavique,</span> <span class='ocrx_word' id='word_1_115' title='bbox 653 3500 688 3569; x_wconf 92' lang='lat' dir='ltr'>in</span> <span class='ocrx_word' id='word_1_116' title='bbox 700 3496 863 3569; x_wconf 90' lang='lat' dir='ltr'>omnibus</span> <span class='ocrx_word' id='word_1_117' title='bbox 873 3497 978 3569; x_wconf 86' lang='lat' dir='ltr'>rebus</span> <span class='ocrx_word' id='word_1_118' title='bbox 991 3522 1065 3571; x_wconf 87' lang='lat' dir='ltr'>esse</span> <span class='ocrx_word' id='word_1_119' title='bbox 1078 3498 1206 3595; x_wconf 88' lang='lat' dir='ltr'>aliquid</span> <span class='ocrx_word' id='word_1_120' title='bbox 1219 3477 1415 3597; x_wconf 84' lang='lat' dir='ltr'>optimum,¹</span> 
     </span>
     <span class='ocr_line' id='line_1_17' title="bbox 362 3620 1402 3722; baseline 0.002 -28"><span class='ocrx_word' id='word_1_121' title='bbox 362 3622 497 3694; x_wconf 85' lang='lat' dir='ltr'>etiamsi</span> <span class='ocrx_word' id='word_1_122' title='bbox 514 3623 656 3712; x_wconf 87' lang='lat' dir='ltr'>lateret;</span> <span class='ocrx_word' id='word_1_123' title='bbox 677 3620 781 3718; x_wconf 90' lang='lat' dir='ltr'>idque</span> <span class='ocrx_word' id='word_1_124' title='bbox 796 3622 841 3694; x_wconf 89' lang='lat' dir='ltr'>ab</span> <span class='ocrx_word' id='word_1_125' title='bbox 861 3646 901 3694; x_wconf 90' lang='lat' dir='ltr'>oo</span> <span class='ocrx_word' id='word_1_126' title='bbox 917 3646 1031 3718; x_wconf 82' lang='lat' dir='ltr'>posse,</span> <span class='ocrx_word' id='word_1_127' title='bbox 1052 3625 1111 3718; x_wconf 89' lang='lat' dir='ltr'>qui</span> <span class='ocrx_word' id='word_1_128' title='bbox 1124 3630 1195 3721; x_wconf 85' lang='lat' dir='ltr'>ejus</span> <span class='ocrx_word' id='word_1_129' title='bbox 1212 3626 1261 3696; x_wconf 88' lang='lat' dir='ltr'>rei</span> <span class='ocrx_word' id='word_1_130' title='bbox 1275 3648 1402 3722; x_wconf 77' lang='lat' dir='ltr'>gnarus</span> 
     </span>
     <span class='ocr_line' id='line_1_18' title="bbox 361 3746 756 3844; baseline -0.018 -27"><span class='ocrx_word' id='word_1_131' title='bbox 361 3756 464 3835; x_wconf 86' lang='lat' dir='ltr'>esset,</span> <span class='ocrx_word' id='word_1_132' title='bbox 484 3746 632 3844; x_wconf 85' lang='lat' dir='ltr'>judicari</span> <span class='ocrx_word' id='word_1_133' title='bbox 655 3747 719 3839; x_wconf 75' lang='lat'><strong>(2).</strong></span> <span class='ocrx_word' id='word_1_134' title='bbox 743 3777 756 3809; x_wconf 82' lang='lat' dir='ltr'>t</span> 
     </span>
    </p>

    <p class='ocr_par' dir='ltr' id='par_1_3' title="bbox 269 3868 1401 4964">
     <span class='ocr_line' id='line_1_19' title="bbox 409 3868 1401 3968; baseline 0.003 -28"><span class='ocrx_word' id='word_1_135' title='bbox 409 3870 580 3957; x_wconf 83' lang='lat' dir='ltr'>Quoniam</span> <span class='ocrx_word' id='word_1_136' title='bbox 604 3891 687 3945; x_wconf 77' lang='lat' dir='ltr'>uero</span> <span class='ocrx_word' id='word_1_137' title='bbox 706 3869 756 3939; x_wconf 89' lang='lat' dir='ltr'>ita</span> <span class='ocrx_word' id='word_1_138' title='bbox 773 3868 944 3941; x_wconf 79' lang='lat' dir='ltr'>sentiebat</span> <span class='ocrx_word' id='word_1_139' title='bbox 962 3871 1010 3941; x_wconf 90' lang='lat' dir='ltr'>M.</span> <span class='ocrx_word' id='word_1_140' title='bbox 1037 3869 1187 3961; x_wconf 86' lang='lat' dir='ltr'>Tullius,</span> <span class='ocrx_word' id='word_1_141' title='bbox 1214 3883 1401 3968; x_wconf 85' lang='lat' dir='ltr'>notumque</span> 
     </span>
     <span class='ocr_line' id='line_1_20' title="bbox 360 3987 1401 4090; baseline 0.005 -30"><span class='ocrx_word' id='word_1_142' title='bbox 360 3987 444 4062; x_wconf 89' lang='lat' dir='ltr'>illud</span> <span class='ocrx_word' id='word_1_143' title='bbox 474 3991 690 4061; x_wconf 81' lang='lat' dir='ltr'>Platonicum</span> <span class='ocrx_word' id='word_1_144' title='bbox 730 3990 882 4063; x_wconf 81' lang='lat' dir='ltr'>habebat</span> <span class='ocrx_word' id='word_1_145' title='bbox 919 4018 927 4059; x_wconf 80' lang='lat' dir='ltr'>t</span> <span class='ocrx_word' id='word_1_146' title='bbox 970 3993 1011 4061; x_wconf 83' lang='grc' dir='ltr'>τὰ</span> <span class='ocrx_word' id='word_1_147' title='bbox 1041 3994 1122 4063; x_wconf 81' lang='grc' dir='ltr'><strong>καλὰ</strong></span> <span class='ocrx_word' id='word_1_148' title='bbox 1142 3996 1276 4090; x_wconf 80' lang='grc' dir='ltr'>’χαλεπὰ</span> <span class='ocrx_word' id='word_1_149' title='bbox 1304 3995 1401 4077; x_wconf 85' lang='grc' dir='ltr'>εἶναι,</span> 
     </span>
     <span class='ocr_line' id='line_1_21' title="bbox 360 4116 1400 4213; baseline 0.008 -27"><span class='ocrx_word' id='word_1_150' title='bbox 360 4139 563 4213; x_wconf 88' lang='lat' dir='ltr'>numquam,</span> <span class='ocrx_word' id='word_1_151' title='bbox 579 4116 695 4207; x_wconf 88' lang='lat' dir='ltr'>credo,</span> <span class='ocrx_word' id='word_1_152' title='bbox 718 4139 797 4188; x_wconf 88' lang='lat' dir='ltr'>vere</span> <span class='ocrx_word' id='word_1_153' title='bbox 813 4116 1024 4188; x_wconf 80' lang='lat' dir='ltr'>existimavit</span> <span class='ocrx_word' id='word_1_154' title='bbox 1040 4117 1132 4188; x_wconf 88' lang='lat' dir='ltr'>hune</span> <span class='ocrx_word' id='word_1_155' title='bbox 1151 4140 1227 4190; x_wconf 82' lang='lat' dir='ltr'>esse</span> <span class='ocrx_word' id='word_1_156' title='bbox 1251 4150 1263 4183; x_wconf 72' lang='lat' dir='ltr'><strong><em>a</em></strong></span> <span class='ocrx_word' id='word_1_157' title='bbox 1285 4145 1400 4193; x_wconf 87' lang='lat' dir='ltr'>rerum</span> 
     </span>
     <span class='ocr_line' id='line_1_22' title="bbox 359 4240 1396 4341; baseline 0.005 -30"><span class='ocrx_word' id='word_1_158' title='bbox 359 4240 484 4312; x_wconf 86' lang='lat' dir='ltr'>levium</span> <span class='ocrx_word' id='word_1_159' title='bbox 511 4251 546 4312; x_wconf 91' lang='lat' dir='ltr'>et</span> <span class='ocrx_word' id='word_1_160' title='bbox 564 4240 712 4312; x_wconf 77' lang='lat' dir='ltr'>forsitan</span> <span class='ocrx_word' id='word_1_161' title='bbox 740 4240 1109 4313; x_wconf 78' lang='lat' dir='ltr'>contemnendarum»</span> <span class='ocrx_word' id='word_1_162' title='bbox 1138 4243 1296 4338; x_wconf 86' lang='lat' dir='ltr'>opificem</span> <span class='ocrx_word' id='word_1_163' title='bbox 1316 4245 1396 4341; x_wconf 90' lang='lat' dir='ltr'>qui,</span> 
     </span>
     <span class='ocr_line' id='line_1_23' title="bbox 269 4364 1400 4457; baseline 0.004 -22"><span class='ocrx_word' id='word_1_164' title='bbox 269 4386 273 4396; x_wconf 87' lang='grc'><em>’</em></span> <span class='ocrx_word' id='word_1_165' title='bbox 358 4388 439 4436; x_wconf 93' lang='lat' dir='ltr'>cum</span> <span class='ocrx_word' id='word_1_166' title='bbox 457 4364 588 4437; x_wconf 85' lang='lat' dir='ltr'>faceret</span> <span class='ocrx_word' id='word_1_167' title='bbox 605 4365 699 4436; x_wconf 83' lang='lat' dir='ltr'>louis</span> <span class='ocrx_word' id='word_1_168' title='bbox 724 4364 876 4436; x_wconf 85' lang='lat' dir='ltr'>formam</span> <span class='ocrx_word' id='word_1_169' title='bbox 891 4376 951 4436; x_wconf 85' lang='lat' dir='ltr'>aut</span> <span class='ocrx_word' id='word_1_170' title='bbox 964 4364 1140 4457; x_wconf 75' lang='lat' dir='ltr'>Minervae,</span> <span class='ocrx_word' id='word_1_171' title='bbox 1158 4390 1229 4438; x_wconf 92' lang='lat' dir='ltr'>non</span> <span class='ocrx_word' id='word_1_172' title='bbox 1250 4380 1400 4441; x_wconf 88' lang='lat' dir='ltr'>contem-</span> 
     </span>
     <span class='ocr_line' id='line_1_24' title="bbox 358 4488 1400 4585; baseline 0.004 -24"><span class='ocrx_word' id='word_1_173' title='bbox 358 4488 517 4585; x_wconf 85' lang='lat' dir='ltr'>piabatur</span> <span class='ocrx_word' id='word_1_174' title='bbox 530 4488 681 4584; x_wconf 89' lang='lat' dir='ltr'>aliquem</span> <span class='ocrx_word' id='word_1_175' title='bbox 697 4513 716 4561; x_wconf 88' lang='lat' dir='ltr'>e</span> <span class='ocrx_word' id='word_1_176' title='bbox 735 4512 804 4584; x_wconf 91' lang='lat' dir='ltr'>quo</span> <span class='ocrx_word' id='word_1_177' title='bbox 819 4489 1077 4561; x_wconf 86' lang='lat' dir='ltr'>similitudinem</span> <span class='ocrx_word' id='word_1_178' title='bbox 1096 4490 1246 4583; x_wconf 86' lang='lat' dir='ltr'>duceret,</span> <span class='ocrx_word' id='word_1_179' title='bbox 1264 4492 1324 4565; x_wconf 89' lang='lat' dir='ltr'>sed</span> <span class='ocrx_word' id='word_1_180' title='bbox 1343 4517 1400 4565; x_wconf 90' lang='lat' dir='ltr'>cu-</span> 
     </span>
     <span class='ocr_line' id='line_1_25' title="bbox 352 4611 1400 4715; baseline 0.004 -31"><span class='ocrx_word' id='word_1_181' title='bbox 352 4620 411 4709; x_wconf 85' lang='lat' dir='ltr'>jus</span> <span class='ocrx_word' id='word_1_182' title='bbox 438 4614 474 4684; x_wconf 93' lang='lat' dir='ltr'>in</span> <span class='ocrx_word' id='word_1_183' title='bbox 500 4625 613 4684; x_wconf 90' lang='lat' dir='ltr'>mente</span> <span class='ocrx_word' id='word_1_184' title='bbox 639 4611 810 4715; x_wconf 85' lang='lat' dir='ltr'>insidebat</span> <span class='ocrx_word' id='word_1_185' title='bbox 829 4614 963 4708; x_wconf 88' lang='lat' dir='ltr'>species</span> <span class='ocrx_word' id='word_1_186' title='bbox 979 4613 1243 4710; x_wconf 84' lang='lat' dir='ltr'>pulchritudinis</span> <span class='ocrx_word' id='word_1_187' title='bbox 1273 4618 1400 4688; x_wconf 85' lang='lat' dir='ltr'>eximia</span> 
     </span>
     <span class='ocr_line' id='line_1_26' title="bbox 356 4730 1396 4834; baseline 0.004 -25"><span class='ocrx_word' id='word_1_188' title='bbox 356 4730 527 4833; x_wconf 79' lang='lat' dir='ltr'>quaedam,</span> <span class='ocrx_word' id='word_1_189' title='bbox 558 4760 664 4834; x_wconf 86' lang='lat' dir='ltr'>quam</span> <span class='ocrx_word' id='word_1_190' title='bbox 683 4738 820 4808; x_wconf 86' lang='lat' dir='ltr'>intuens</span> <span class='ocrx_word' id='word_1_191' title='bbox 844 4738 879 4807; x_wconf 92' lang='lat' dir='ltr'>in</span> <span class='ocrx_word' id='word_1_192' title='bbox 902 4760 1009 4833; x_wconf 90' lang='lat' dir='ltr'>eaque</span> <span class='ocrx_word' id='word_1_193' title='bbox 1032 4737 1163 4811; x_wconf 82' lang='lat' dir='ltr'>defixus</span> <span class='ocrx_word' id='word_1_194' title='bbox 1186 4738 1229 4811; x_wconf 87' lang='lat' dir='ltr'>ad</span> <span class='ocrx_word' id='word_1_195' title='bbox 1246 4739 1336 4813; x_wconf 84' lang='lat' dir='ltr'>illius</span> <span class='ocrx_word' id='word_1_196' title='bbox 1352 4743 1396 4813; x_wconf 89' lang='lat' dir='ltr'>si·</span> 
     </span>
     <span class='ocr_line' id='line_1_27' title="bbox 357 4838 1400 4964; baseline 0.003 -29"><span class='ocrx_word' id='word_1_197' title='bbox 357 4838 584 4936; x_wconf 86' lang='lat' dir='ltr'>militudinem</span> <span class='ocrx_word' id='word_1_198' title='bbox 606 4877 713 4936; x_wconf 82' lang='lat' dir='ltr'>artem</span> <span class='ocrx_word' id='word_1_199' title='bbox 731 4880 764 4937; x_wconf 90' lang='lat' dir='ltr'>et</span> <span class='ocrx_word' id='word_1_200' title='bbox 783 4889 929 4936; x_wconf 88' lang='lat' dir='ltr'>manum</span> <span class='ocrx_word' id='word_1_201' title='bbox 953 4864 1123 4961; x_wconf 76' lang='lat' dir='ltr'>dirigebat</span> <span class='ocrx_word' id='word_1_202' title='bbox 1147 4868 1210 4959; x_wconf 84' lang='lat'><strong>(3).</strong></span> <span class='ocrx_word' id='word_1_203' title='bbox 1233 4869 1304 4941; x_wconf 86' lang='lat' dir='ltr'>Noc</span> <span class='ocrx_word' id='word_1_204' title='bbox 1322 4891 1400 4964; x_wconf 88' lang='lat' dir='ltr'>pro·</span> 
     </span>
    </p>
   </div>
   <div class='ocr_carea' id='block_1_3' title="bbox 352 5186 948 5269">
    <p class='ocr_par' dir='ltr' id='par_1_4' title="bbox 352 5186 948 5269">
     <span class='ocr_line' id='line_1_28' title="bbox 352 5186 948 5269; baseline 0.003 -22"><span class='ocrx_word' id='word_1_205' title='bbox 352 5221 355 5227; x_wconf 92' lang='lat'>·</span> <span class='ocrx_word' id='word_1_206' title='bbox 397 5191 437 5263; x_wconf 86' lang='lat' dir='ltr'>(l)</span> <span class='ocrx_word' id='word_1_207' title='bbox 459 5186 571 5247; x_wconf 86' lang='lat' dir='ltr'>Passim</span> <span class='ocrx_word' id='word_1_208' title='bbox 583 5206 620 5248; x_wconf 83' lang='lat' dir='ltr'>ex</span> <span class='ocrx_word' id='word_1_209' title='bbox 636 5192 770 5261; x_wconf 81' lang='lat' dir='ltr'>(trotore,</span> <span class='ocrx_word' id='word_1_210' title='bbox 787 5207 852 5269; x_wconf 81' lang='lat' dir='ltr'>cap.</span> <span class='ocrx_word' id='word_1_211' title='bbox 867 5192 898 5249; x_wconf 93' lang='lat' dir='ltr'>ll.</span> <span class='ocrx_word' id='word_1_212' title='bbox 946 5228 948 5231; x_wconf 55' lang='lat'>&gt;</span> 
     </span>
    </p>
   </div>
   <div class='ocr_carea' id='block_1_4' title="bbox 396 5290 719 5463">
    <p class='ocr_par' dir='ltr' id='par_1_5' title="bbox 396 5290 719 5463">
     <span class='ocr_line' id='line_1_29' title="bbox 397 5290 719 5367; baseline 0 -19"><span class='ocrx_word' id='word_1_213' title='bbox 397 5290 435 5367; x_wconf 57' lang='grc' dir='ltr'>(ἓ)</span> <span class='ocrx_word' id='word_1_214' title='bbox 459 5291 592 5365; x_wconf 63' lang='lat' dir='ltr'>Orator„</span> <span class='ocrx_word' id='word_1_215' title='bbox 605 5291 654 5359; x_wconf 85' lang='lat' dir='ltr'>xt,</span> <span class='ocrx_word' id='word_1_216' title='bbox 672 5293 719 5351; x_wconf 77' lang='lat'>36.</span> 
     </span>
     <span class='ocr_line' id='line_1_30' title="bbox 396 5389 646 5463; baseline 0.02 -22"><span class='ocrx_word' id='word_1_217' title='bbox 396 5391 434 5459; x_wconf 66' lang='lat' dir='ltr'>tt)</span> <span class='ocrx_word' id='word_1_218' title='bbox 457 5390 555 5463; x_wconf 78' lang='lat' dir='ltr'>Orat,</span> <span class='ocrx_word' id='word_1_219' title='bbox 571 5389 646 5458; x_wconf 73' lang='lat' dir='ltr'>ltu.</span> 
     </span>
    </p>
   </div>
   <div class='ocr_carea' id='block_1_5' title="bbox 0 0 1772 7267">
    <p class='ocr_par' dir='ltr' id='par_1_6' title="bbox 0 0 1772 7267">
     <span class='ocr_line' id='line_1_31' title="bbox 0 0 1772 7267; baseline 0 8"><span class='ocrx_word' id='word_1_220' title='bbox 0 0 1772 7267; x_wconf 95' lang='lat' dir='ltr'> </span> 
     </span>
    </p>
   </div>
  </div>
 </body>
</html>
