3534 7267
385 1635 431 1702 28
776 1653 849 1709 curn
875 1654 916 1700 nn
943 1653 1041 1701 sionis

382 1783 496 1877 reipsa
511 1806 591 1855 vero
606 1794 724 1854 censet
734 1780 801 1853 hoc
816 1781 1000 1853 humanius
1016 1792 1118 1877 atque
1131 1779 1319 1877 elegantius
1335 1806 1424 1874 esse,

382 1929 487 2002 quarn
501 1918 540 1978 ut
552 1908 694 1980 Verrina
707 1908 774 1978 ista
784 1916 910 1979 natura
921 1889 1055 2001 percipi
1065 1905 1185 2001 possit.
1200 1907 1305 1980 Novit
1318 1908 1423 1999 enim,

363 2041 414 2099 »et
433 2028 591 2125 profecto
610 2030 797 2103 admiratus
817 2040 869 2102 est
884 2031 1027 2122 Noster,
1047 2054 1126 2102 cum
1145 2042 1298 2127 quaestor
1317 2035 1354 2104 in
1372 2036 1427 2106 Si-

379 2153 457 2225 cilia
481 2165 571 2253 esset
589 2157 654 2248 (1),
677 2154 812 2246 omnia,
835 2177 913 2251 quae
938 2155 1004 2227 iste
1028 2136 1162 2250 renuit,
1182 2154 1425 2251 pulcherrimae

377 2280 460 2360 artis
478 2289 728 2352 monumenta:
745 2277 826 2350 inde
844 2280 922 2350 ira:
947 2310 960 2343 α
977 2280 1029 2352 Tu
1047 2279 1216 2372 videlicet,
1237 2280 1421 2373 exclamat,

376 2404 467 2477 solus
485 2406 578 2477 vasis
597 2404 776 2478 corinthiis
795 2402 1003 2477 delectaris?
1028 2387 1066 2477 tu
1085 2402 1176 2477 illius
1196 2408 1273 2479 aeris
1290 2418 1423 2506 tempe·

375 2530 558 2622 rationem,
582 2541 620 2603 tu
639 2527 782 2628 operum
803 2529 1011 2601 lineamenta
1028 2528 1266 2603 sollertissime
1288 2536 1423 2630 perspi-

374 2654 497 2726 cisl...
518 2656 570 2727 'l'n
587 2655 659 2726 sine
681 2653 752 2726 ulla
767 2654 859 2726 hona
879 2663 970 2745 arte,
996 2653 1069 2724 sinc
1089 2653 1325 2747 humanitate,
1347 2656 1420 2726 sine

373 2780 522 2876 ingenio,
545 2780 619 2851 sine
635 2778 772 2869 litteris,
793 2776 956 2875 intelligis
974 2787 1010 2848 et
1027 2776 1162 2873 judicas
1182 2779 1246 2872 (2),
1265 2810 1277 2844 n

420 2904 498 2973 lam
521 2902 627 3005 satis,
656 2910 696 2972 ut
711 2901 847 2996 opinor,
871 2899 1093 2997 perspicuum
1113 2912 1253 2974 estnon
1275 2904 1418 2975 Verrem

371 3026 483 3122 solum
505 3049 581 3097 esse
605 3025 664 3121 qui
688 3024 743 3096 his
768 3023 890 3112 rebus,
920 3031 1169 3121 cujuscumque
1196 3025 1303 3098 modi'
1317 3039 1416 3119 sunt,

369 3148 570 3222 delectetur.
590 3152 664 3222 Has
690 3148 820 3222 Tullius
839 3161 947 3239 amat,
972 3149 1047 3230 has,
1072 3146 1117 3219 ab
1136 3160 1322 3245 conspectu
1342 3174 1419 3221 suo

368 3298 448 3345 rum
465 3272 646 3346 oculorum
666 3271 858 3364 submotae,
880 3261 1051 3344 desiderat
1072 3271 1121 3364 (3)
1141 3298 1148 3340 :
1178 3301 1191 3335 α
1209 3272 1260 3342 Tu
1277 3294 1356 3367 quae
1374 3296 1418 3344 ex

368 3396 459 3468 lanis
473 3396 741 3495 religiosissimis
752 3420 814 3493 per
826 3396 937 3468 scelus
949 3407 983 3468 et
996 3394 1216 3468 latrocinium
1227 3396 1420 3488 abstulisti,

368 3543 408 3591 ea
423 3543 487 3591 nos
501 3519 629 3613 videre,
646 3514 713 3593 nisi
728 3521 763 3591 in
780 3520 847 3591 tuis
863 3522 1124 3617 amicorumque
1141 3529 1279 3593 tuorum
1298 3523 1412 3612 tectis,

366 3668 437 3715 non
454 3658 723 3741 possumuso
778 3643 781 3647 ’

412 3770 491 3842 Non
506 3774 581 3864 jam
602 3769 694 3841 enim
715 3768 870 3865 queritur
894 3766 986 3866 quod
1011 3778 1091 3840 sunt
1116 3765 1311 3848 enaedibus
1334 3767 1413 3840 reli·
1493 3805 1504 3826 ε

363 3890 582 3985 giosissimis,
604 3902 663 3963 aut
682 3915 725 3964 ex
741 3892 885 3987 privatis
905 3893 1064 3964 sacrariis
1084 3902 1223 3988 ereptae,
1244 3889 1306 3963 sed
1321 3891 1413 3988 quod

364 4039 433 4087 non
456 4027 538 4089 sunt
553 4018 589 4089 in
607 4018 683 4091 loro
697 4019 876 4116 exposita,
893 4018 954 4090 uhi
971 4017 1014 4090 ah
1024 4017 1198 4090 'omnihus
1212 4017 1321 4089 videri
1335 4042 1414 4114 pos·

362 4142 458 4213 sint:
485 4141 551 4216 hoc
570 4142 636 4215 sibi
655 4142 862 4234 dolendum,
889 4142 955 4214 hoc
973 4141 1103 4239 populo
1123 4165 1267 4214 romano
1292 4154 1372 4214 cont
1399 4184 1413 4198 ·
1482 4182 1484 4188 ·

362 4266 542 4339 meliosum
565 4269 615 4339 sic
634 4266 746 4364 lepide
767 4266 964 4365 significat:
994 4297 1007 4329 o
1029 4264 1214 4338 Silanionis
1234 4289 1320 4361 opus
1336 4276 1410 4337 tam

362 4391 578 4487 perlectum,
601 4403 673 4463 tam
692 4391 849 4490 elegans,
870 4402 943 4463 tarn
969 4388 1207 4480 elaboratum,
1226 4390 1409 4485 quisquam

286 4547 289 4552 ⁸
359 4540 428 4589 non
446 4515 549 4588 modo
567 4517 737 4613 privatus,
755 4516 816 4589 sed
829 4515 977 4612 populus
997 4515 1111 4611 potius
1131 4512 1288 4603 haberet,
1304 4536 1409 4608 quam

359 4641 463 4712 homo
483 4639 761 4739 elegantissimus
782 4654 885 4738 atque
906 4639 1162 4712 eruditissimus
1179 4638 1330 4710 Verres?
1346 4640 1407 4712 Ni-

358 4765 484 4836 mirum
508 4765 697 4838 contradici
715 4766 802 4838 nihil
825 4775 940 4862 potcst
965 4765 975 4857 (
1002 4768 1028 4859 ).
1052 4796 1064 4828 o

397 5020 438 5097 (l)
461 5020 511 5096 IV,
527 5022 546 5081 3
570 5027 601 5082 et
626 5024 665 5083 34
683 5039 690 5082 :
710 5042 724 5079 o
739 5021 840 5095 Quum
854 5023 987 5099 quaestor
1001 5035 1111 5094 essem,
1128 5015 1200 5077 nihil
1215 5014 1286 5077 mihi
1301 5015 1408 5078 abillis

356 5124 403 5177 cst
416 5115 661 5180 demonstratum
675 5118 769 5199 prius.
782 5140 797 5175 o

397 5215 436 5288 tl)
460 5214 509 5289 lV,
527 5218 577 5277 ll.

398 5313 438 5385 llll
462 5314 497 5373 ln
519 5314 610 5389 Vena,
624 5322 683 5377 aet.
700 5317 737 5386 ll,
755 5312 804 5373 lib.
826 5314 850 5387 l,
865 5313 916 5372 ll.

401 5411 441 5486 (l)
465 5410 502 5471 Iu
525 5413 653 5489 Verrem,
668 5414 717 5486 lV,
734 5415 783 5471 li’l.
