3534 7267
447 1738 488 1806 18
832 1753 910 1815 Quin
935 1755 974 1801 on
998 1756 1099 1803 sienis

440 1908 518 1959 mus
541 1905 584 1954 ex
605 1882 683 1977 ipsa
699 1883 736 1951 in
759 1882 902 1953 Verrem
926 1880 1080 1955 oratione
1105 1880 1166 1953 uhi
1191 1880 1266 1953 haec
1291 1894 1372 1954 sunt
1402 1885 1477 1976 (l):

444 2012 558 2084 «Erat
572 2003 672 2104 [apud
696 2006 823 2078 Heium
849 2005 1040 2081 sacrarium
1065 2028 1192 2103 magna
1214 2030 1294 2079 cnm
1314 2004 1481 2104 dignitate

438 2136 474 2207 in
498 2133 688 2207 -aedihusa
720 2130 909 2230 majoribus
937 2128 1121 2222 traditum,
1150 2133 1412 2229 perantiquum
1445 2133 1482 2206 in

438 2284 508 2356 qno
541 2260 641 2356 signa
674 2256 907 2353 pulcherrima
936 2266 1110 2352 quattuor,
1144 2280 1280 2332 summo
1313 2257 1478 2351 artificio,

437 2405 576 2457 summa
597 2380 798 2472 nobilitate,
828 2402 907 2476 quae
931 2403 1000 2451 non
1024 2378 1129 2453 modo
1153 2380 1259 2454 istum
1283 2380 1478 2469 hominem,

436 2507 653 2604 ingeniosum
671 2514 774 2601 atque
790 2501 1049 2600 intelligentem,
1063 2524 1184 2576 verum
1202 2504 1305 2577 enam
1324 2504 1481 2599 quemvis

437 2641 608 2720 nostrum,
621 2652 709 2726 quos
722 2629 786 2700 iste
797 2626 927 2701 idiotas
937 2624 1100 2723 appellat,
1116 2624 1287 2701 delectare
1300 2638 1475 2724 possent.»

485 2760 531 2831 At
555 2758 604 2829 M.
629 2756 773 2846 Tullius,
797 2757 875 2852 quis
889 2737 1014 2851 reipsa
1038 2755 1153 2847 fuerit,
1180 2756 1211 2827 si
1229 2780 1319 2831 nunc
1344 2754 1480 2829 anobis

436 2884 642 2980 requiratur,
663 2904 743 2954 eum
760 2879 906 2952 libenter
926 2879 1217 2952 affirmaverimus
1237 2882 1359 2953 statuis
1380 2881 1480 2953 tabu-

435 3005 544 3103 lisque
568 3006 670 3101 pictis
696 3007 783 3078 mire
809 3002 1035 3094 delectatum,
1064 3000 1334 3100 earumdemque
1357 3004 1481 3077 intelli·

435 3141 592 3228 gentem,
622 3130 716 3201 omni
745 3151 853 3225 opera
883 3125 1102 3201 contendisse
1135 3152 1178 3200 ne
1210 3127 1269 3200 illa
1300 3127 1413 3201 studia
1447 3131 1478 3202 ei

436 3257 631 3352 acceptiora
660 3275 735 3326 esse
763 3252 994 3326 crederentur.
1019 3257 1090 3327 Cur
1116 3254 1183 3328 hac
1209 3254 1478 3330 dissimulatione

434 3391 588 3453 uteretur
610 3377 696 3451 duas
720 3376 867 3451 fortasse
890 3378 1014 3452 habuit
1040 3402 1163 3453 causas
1187 3407 1195 3450 ε
1220 3402 1368 3477 querum
1392 3380 1477 3454 alte-

434 3528 510 3578 ram
526 3528 603 3578 esse
619 3526 755 3594 censeo,
780 3503 921 3597 nehoc,
946 3528 1028 3577 curn
1050 3503 1269 3601 pratoribus,
1290 3507 1400 3603 quiin
1419 3529 1478 3580 ve-

433 3625 556 3701 xandis
570 3627 756 3723 provinciis
776 3623 811 3697 id
829 3648 937 3722 genus
951 3625 1139 3722 spoliorum
1160 3629 1321 3725 inprimis
1339 3631 1479 3728 conqui-

302 3821 305 3826 .
433 3750 566 3840 rebant,
582 3749 704 3820 vitium
718 3770 903 3822 commune
916 3746 1046 3822 hahere
1056 3749 1242 3844 videretur,
1258 3752 1414 3845 alteram,
1431 3776 1477 3827 nc
1561 3799 1575 3828 ι

434 3874 527 3973 apud
555 3875 646 3948 cives
674 3871 865 3968 disciplinae
888 3872 1088 3965 severioris,
1110 3897 1260 3970 quorum
1282 3874 1477 3970 opinionem

399 4085 402 4089 ⁴
433 4024 502 4073 non
525 4000 622 4096 perri
650 3996 814 4089 ducebat,
833 4019 935 4070 suam
963 3997 1073 4094 ipsius
1105 3999 1346 4074 auctoritatem
1371 4010 1477 4097 atque

432 4126 631 4224 dignitatem
649 4122 889 4200 labefactaret.

481 4249 642 4327 Noluisse
668 4249 869 4323 Ciceronem
891 4268 928 4319 se
951 4229 1060 4321 aridis
1077 4245 1300 4344 delicatisque
1326 4248 1476 4323 homini-

432 4371 498 4444 bus
521 4382 784 4445 annumeratum
806 4393 882 4446 esse
901 4371 978 4467 quis
998 4368 1157 4446 dubitet?
1171 4374 1307 4461 Quanta
1320 4374 1411 4448 enim
1424 4376 1476 4447 in-

430 4494 625 4595 dignatione
639 4495 856 4592 persequitur
869 4495 1125 4592 provinciarum
1139 4506 1331 4589 vexatores,
1347 4496 1475 4595 quibus
1603 4566 1605 4571 ,

431 4620 563 4694 nullum
577 4620 698 4693 fanum
714 4618 926 4717 religiosum,
941 4617 1035 4692 nulla
1052 4617 1177 4694 domus
1190 4620 1256 4693 luit
1269 4632 1340 4693 tam
1355 4621 1475 4695 clausa
1498 4631 1501 4638 '

432 4770 473 4819 ac
493 4748 642 4839 munita,
671 4744 787 4818 nullus
802 4744 953 4843 denique
974 4745 1087 4837 leone,
1105 4757 1167 4820 aut
1187 4744 1303 4837 lucus,
1322 4748 1358 4819 in
1378 4748 1474 4821 Grae-

432 4870 487 4941 cia
504 4879 589 4962 tota,
609 4881 681 4944 tam
698 4879 836 4942 sanctus
856 4867 935 4963 luit,
956 4869 992 4940 in
1013 4892 1082 4964 quo
1100 4867 1210 4941 ullum
1230 4868 1472 4968 simulacrum,

428 4992 539 5066 ullum
557 5002 799 5067 ornamentum
813 4991 986 5089 reliquum
1006 4992 1051 5063 sit
1065 4993 1130 5085 (2).
1151 4994 1285 5089 Nempe
1301 4992 1471 5086 civitates,

468 5318 510 5491 gl
529 5314 665 5489 lldieqe
677 5410 819 5487 Manilio,
834 5413 885 5472 65.
903 5410 1001 5484 «Qua
1013 5410 1115 5473 civitas
1130 5410 1217 5473 estin
1230 5412 1313 5488 Asia,
1329 5430 1398 5493 quae
1411 5429 1472 5474 non

430 5510 522 5575 modo
532 5508 723 5591 imperatoris
736 5514 789 5571 aut
803 5508 904 5588 legati,
922 5506 976 5569 sed
986 5507 1075 5569 unius
1088 5508 1197 5570 tribuni
1210 5508 1342 5571 militnm
1355 5509 1475 5571 animos
