3534 7267
620 1674 776 1722 saussorr
802 1676 835 1721 n.-
865 1675 1010 1722 ruscius.
1280 1653 1333 1721 ‘57

293 1814 586 1894 commorantem,
604 1819 678 1874 non
694 1813 765 1873 tam
777 1801 948 1898 operibus
976 1800 1337 1899 magnificissexquisi-

293 1936 407 2031 lisque
417 1933 638 2028 antiquorum
650 1928 781 2002 artibus
789 1928 971 2022 delectari,
983 1947 1090 2025 quam
1099 1926 1336 2027 recordatione

294 2055 691 2142 summorumvirorum,
701 2054 770 2126 ubi
781 2054 929 2150 quisque
940 2052 1113 2147 habitare,
1128 2052 1188 2125 ubi
1201 2051 1333 2141 sedere,

241 2152 244 2157 Ι
293 2179 353 2252 ubi
375 2178 552 2276 disputare
576 2177 622 2248 sit
642 2175 765 2248 solitus
779 2174 844 2272 (1).
874 2176 965 2266 ¹Quin
982 2177 1098 2265 etiam,
1120 2185 1339 2273 quumquae·

293 2314 365 2375 stor
385 2300 750 2399 Syracusas'advenit,
775 2300 842 2373 hoc
864 2301 1069 2397 primum‘in
1094 2301 1209 2373 auimo
1231 2301 1337 2375 habet

211 2440 213 2444 ’
293 2441 333 2501 ut
360 2425 591 2499 Archimedis
606 2425 844 2523 sepulchrum,
875 2424 921 2497 ub
951 2426 1188 2523 Syracusanis.
1203 2428 1337 2525 ignora·

186 2550 190 2557 ’
293 2565 379 2641 tum,
395 2553 470 2648 ipse
488 2551 655 2623 inveniat.
677 2552 787 2638 Quam
807 2547 959 2621 studiose
981 2548 1147 2621 describit
1163 2548 1337 2646 quomodo

292 2674 390 2768 illud,
405 2686 543 2772 septum
561 2673 713 2771 undique
727 2685 762 2746 et
772 2675 935 2746 vestitum
948 2672 1111 2770 vepribus
1124 2683 1164 2744 et·
1170 2671 1332 2761 dumetis,

293 2800 530 2900 indagaverit!
552 2803 667 2888 Quam
683 2798 832 2896 superbe
851 2797 1024 2871 exclamat
1036 2798 1072 2871 id
1086 2799 1246 2896 potuisse
1258 2816 1335 2870 eve·

200 2958 203 2963 ·
292 2926 366 2998 nire
400 2936 438 2997 ut
466 2921 690 2997 nobilissima
707 2926 853 2999 Graeciae
880 2925 1026 3016 civitas,
1052 2905 1231 3020 'quondam
1254 2943 1336 2996 vero
1372 2902 1373 2905 Ἴ

291 3051 397 3123 ctiam
411 3048 639 3140 doctissima,
656 3051 726 3122 sui
751 3048 836 3122 ciris
860 3051 1051 3122 acutissimi
1072 3059 1336 3123 monumentum

292 3175 501 3270 ignorasset,
536 3174 611 3245 nisi·
628 3171 673 3245 ab
702 3173 842 3246 homine
868 3174 1036 3271 Arpinate
1061 3172 1237 3247 didicisset
1266 3172 1333 3267 (2).

293 3282 404 3390 Quod,
424 3297 539 3388 credo,
556 3299 605 3370 ait
622 3322 692 3370 non
704 3274 787 3371 'tam'
802 3298 1084 3396 ideo*snpcrbus,·
1095 3300 1177 3397 quia
1188 3299 1336 3395 Arpinas

294 3421 447 3511 Graecos,
467 3443 574 3517 quam
592 3423 676 3518 quia
689 3422 765 3518 ipsc
776 3421 1092 3517 ἀρχαιολόγοςεὴοωο
1105 3421 1338 3519 principesci-

288 3549 423 3639 ⁴nitetis,
437 3545 851 3644 quondam-doctissimo,
868 3547 1027 3620 doctrina
1040 3549 1226 3645 superarit.
1241 3549 1339 3645 lgno-

292 3684 366 3744 tum
387 3672 479 3744 enim
498 3672 720 3770 sepulchrum
740 3696 784 3746 ne
806 3673 881 3770 ipse
906 3671 1048 3771 quidem
1068 3672 1336 3768 fortasse-repe-

291 3797 404 3888 risset,
424 3797 490 3868 nisi
508 3792 679 3870 tenuisset
695 3797 863 3895 quosdam
885 3796 1085 3886 senariolos,
1105 3821 1195 3894 quos
1210 3797 1250 3870 'in
1263 3801 1336 3894 ejus

291 3930 519 3993 monumento
539 3930 617 3993 esst
638 3921 822 4017 inscriptos
850 3933 1043 4018 acceperat.
1071 3923 1133 3994 Est
1154 3921 1246 3993 enim
1274 3944 1335 3991 cu-

330 4257 357 4332 (l
364 4262 372 4327 l
393 4255 440 4315 De
448 4255 591 4335 Lepidus,
601 4257 643 4329 11,
657 4258 688 4318 2.
701 4254 883 4319 Vide-etiam
896 4257 936 4320 de
948 4245 1156 4321 'admonitione
1169 4259 1309 4322 locorum
1326 4279 1334 4322 :

229 4424 232 4427 ‚
292 4354 338 4413 De
352 4354 466 4430 Fine,
481 4354 520 4430 V,
534 4358 563 4431 l,
574 4353 671 4416 etlib.
687 4356 765 4431 Xlll,
776 4358 836 4436 Ep.
852 4357 895 4417 ad
908 4359 1008 4433 Meua,
1023 4359 1057 4419 1:
1075 4356 1226 4432 «Sedem,
1240 4356 1336 4419 domi·

291 4448 405 4529 cilium,
417 4449 543 4530 vestigia
555 4468 746 4513 summorum
761 4451 918 4515 hominum
936 4452 992 4514 sibi
1004 4453 1124 4515 'tuenda
1142 4471 1208 4515 esse
1223 4451 1331 4515 dicit.»

290 4581 331 4596 -
347 4548 501 4611 «Cice'rou
513 4565 591 4611 nous
606 4548 779 4629 repre'seute
792 4549 909 4612 Atticus
931 4568 1050 4613 comme
1063 4550 1208 4612 nimenta
1220 4568 1253 4611 se
1267 4570 1336 4632 rap-

290 4646 375 4729 peler
386 4646 443 4707 cta
457 4645 555 4708 revoir
567 4646 613 4708 les
628 4645 710 4708 lieux
723 4647 895 4728 qu’avsient
910 4646 1026 4709 habites
1038 4647 1084 4708 les
1101 4646 1240 4708 hommes
1252 4635 1336 4709 illus·

290 4749 352 4805 tres
365 4760 405 4805 en
429 4747 497 4805 tout
513 4760 606 4822 genre
632 4744 818 4824 qu’Athcnes
832 4762 850 4805 a
862 4742 1035 4825 produits...
1050 4746 1094 4805 -Et
1109 4743 1162 4823 qui
1175 4742 1335 4821 doutssn

290 4838 374 4916 edet,
385 4857 446 4920 quc
459 4839 488 4900 lc
501 4858 654 4920 voyagcur
664 4840 839 4923 n’e'prouvtt
851 4840 1044 4921 aujourd-hui
1061 4841 1104 4903 les
1118 4842 1234 4903 memes
1245 4843 1335 4905 senti-

290 4942 401 5013 ments,
414 4935 461 4998 s'il
476 4933 600 5017 pou'vait
614 4956 726 5001 encore
739 4939 896 5002 ddcouvrir
909 4945 940 5001 et
952 4940 1143 5020 contempler
1162 4956 1214 5001 ces
1228 4957 1335 5003 monu-

289 5025 390 5096 ments
404 5034 457 5115 qui
480 5036 667 5116 rappelaieut
681 5044 747 5099 tant
764 5036 802 5099 de
824 5037 980 5101 souvenirs
993 5037 1154 5119 precieux‘l
1174 5038 1278 5115 Aussi,
1296 5038 1334 5100 dc

290 5131 391 5212 quelle
405 5131 534 5194 doulaur
547 5134 647 5196 amere
659 5134 772 5196 n'est-il
787 5134 1015 5216 minimuum}
1028 5153 1067 5196 en
1084 5153 1124 5197 nc
1138 5140 1247 5216 voyant
1268 5154 1335 5216 par-

290 5235 356 5292 tout
369 5246 430 5309 que
442 5228 605 5292 desruines
617 5238 647 5292 et
658 5232 875 5295 lodesolation.
886 5256 901 5291 »
919 5233 1089 5311 (claudier,
1105 5237 1173 5313 ch.
1185 5235 1332 5308 cuGrcre,

290 5336 365 5389 tom.
380 5330 544 5409 11-‚p..53u.
663 5358 665 5365 ·

332 5429 370 5501 (ᾖ)
397 5429 530 5502 Tuscul„
544 5430 580 5499 V,
594 5429 644 5488 23.
