3534 7267
368 1646 416 1712 22
739 1666 833 1722 curn
859 1666 899 1712 nn
924 1666 1023 1713 sienis

371 1793 500 1882 Stoico,
522 1792 622 1887 signa
645 1789 841 1888 tabulaeque
859 1792 962 1887 picta
981 1801 1105 1888 parum
1126 1792 1310 1889 placebant
1333 1795 1345 1885 l
1371 1793 1405 1888 l,

368 1916 453 2012 ipse'
470 1937 606 2011 quoque
632 1913 755 1987 iisdem
778 1913 911 1987 deliciis
936 1925 1103 2011 tanquam
1128 1914 1261 1991 bellum¹
1274 1916 1405 1989 indicit.

358 2036 499 2111 -Scrihir
515 2038 624 2130 enim,
642 2036 762 2130 credo,
782 2038 1026 2111 assentationis
1042 2062 1167 2131 causa,
1183 2038 1226 2111 ad
1242 2042 1412 2143 Brutum,

359 2161 429 2258 qui
456 2159 615 2234 eamdem
639 2143 743 2258 atque
770 2161 880 2257 ipsius
907 2162 1097 2234 avunculus
1123 2162 1337 2260 disciplinam
1360 2186 1411 2235 se-

369 2284 553 2381 quebatur,
576 2283 618 2357 de
640 2285 827 2357 Paradoxis
854 2284 1011 2358 libellum
1038 2287 1117 2382 qui,
1138 2298 1257 2382 utpote
1277 2284 1322 2358 ad
1343 2288 1412 2382 pri·

368 2419 485 2481 vatam
516 2409 727 2506 voluptatem
759 2420 893 2482 tantum
929 2410 1229 2504 accommodatus,
1262 2436 1340 2484 raro
1374 2413 1410 2483 in

368 2531 467 2605 libris
484 2533 716 2606 Ciceronianis
738 2533 913 2629 exemplo,
929 2534 1044 2606 lucem
1061 2534 1238 2632 publicam
1251 2535 1411 2609 reformi-

369 2655 429 2729 dat
442 2659 506 2753 (2).
522 2658 633 2731 Multa
648 2658 777 2731 suntin
790 2655 936 2730 eodicta
950 2654 1115 2729 adversus
1128 2681 1283 2755 eosquos
1298 2660 1408 2756 signa,

368 2808 457 2883 quos
485 2786 632 2878 tabula,
654 2810 741 2883 quos
770 2785 928 2858 caelatum
959 2796 1158 2883 argentum,
1184 2810 1270 2884 quos
1293 2786 1412 2859 Corin-

368 2910 484 2983 thiaca
496 2934 614 3007 opera,
630 2934 720 3007 quos
737 2910 881 2984 aedilicia
900 2909 1085 3008 magnilica
1100 2910 1205 2983 nimis
1225 2908 1409 2983 delectant.

369 3038 445 3133 Ego
461 3059 544 3107 vero
563 3034 727 3127 Tullium,
750 3058 792 3108 cx
809 3057 891 3106 vera
908 3033 1016 3106 animi
1039 3035 1220 3125 sententia,
1243 3032 1330 3105 tales
1348 3033 1412 3105 ho-

370 3161 480 3233 mines
498 3180 718 3256 comparasse
728 3184 809 3231 cum
828 3159 950 3250 servis,
970 3188 988 3225 ι(
999 3160 1070 3256 qui,
1086 3159 1220 3231 etiamsi
1231 3158 1409 3251 lautiores,

368 3294 485 3357 tamen
510 3297 591 3357 sunt
613 3285 703 3358 servi
729 3268 897 3357 atrienses
919 3283 967 3377 (3)
989 3314 1002 3349 c
1024 3307 1095 3358 non
1119 3284 1231 3381 magis
1252 3282 1408 3374 credam,

370 3429 475 3504 quam
494 3404 674 3498 cumdem,
702 3429 746 3479 ex
765 3404 973 3477 academicis
992 3407 1115 3479 castris
1137 3406 1342 3505 profugum,
1367 3406 1412 3479 ad

369 3532 467 3629 signa
492 3532 707 3624 Stoicorum,
728 3511 816 3628 quos
839 3543 913 3604 tarn
937 3530 1047 3628 lepide
1075 3543 1216 3628 tamque
1241 3532 1412 3606 subtiliter

328 3671 330 3675 ’
363 3654 487 3727 irridet
504 3678 546 3727 ac
561 3654 685 3728 refellit
702 3655 767 3750 (4),
789 3654 932 3727 credam
950 3633 1159 3753 confugisse.

410 3858 448 3939 (t)
470 3857 553 3919 Pline
563 3860 695 3935 XXXIV,
709 3861 740 3920 9.
760 3860 857 3921 «Non
869 3876 929 3920 aere
947 3863 1065 3939 captus,
1079 3875 1138 3919 nec
1158 3862 1233 3933 arte,
1256 3875 1347 3919 unam
1362 3876 1412 3921 so

369 3952 529 4017 lummodo
541 3954 670 4017 Zenonis
684 3960 813 4017 statuam
826 3954 934 4035 Cypria
950 3954 981 4015 in
998 3953 1188 4035 expeditione
1202 3971 1263 4017 non
1278 3955 1413 4017 vendidit
1529 3983 1531 3988 >

369 4053 453 4131 Cato,
469 4051 523 4115 sed
533 4052 604 4134 qnia
616 4052 786 4134 philosophi
800 4059 875 4131 erat,
897 4055 931 4113 ut
945 4052 1043 4114 obiter
1059 4051 1119 4113 hoc
1133 4069 1255 4133 quoque
1269 4060 1413 4115 noscatur

368 4160 431 4212 tam
441 4149 529 4212 inane
542 4150 757 4231 exemplum.»
1378 4177 1380 4182 .

409 4248 449 4328 (Ξ)
468 4246 625 4327 Praefatio,
636 4250 666 4310 ὅ.

409 4346 450 4421 (3)
470 4346 599 4422 Ραναά.,
613 4346 651 4421 V,
666 4346 694 4406 2.

409 4445 450 4521 (l)
470 4445 531 4504 Pro
543 4445 681 4519 Murena,
693 4444 798 4503 XXIX.
812 4444 858 4504 De
871 4444 986 4520 Ficta,
1005 4442 1056 4503 lib.
1071 4443 1121 4516 lV,
1142 4443 1193 4502 ct.
1212 4444 1307 4503 «Haec
1323 4459 1413 4523 paror

368 4540 447 4603 doxa
457 4539 512 4617 illi,
525 4558 582 4603 nos
593 4538 780 4603 admirabilia
795 4538 942 4601 dieamus.
955 4538 1030 4613 Quid
1043 4543 1144 4602 autem
1160 4537 1273 4600 hahent
1284 4538 1413 4600 admira-

367 4635 471 4713 tionis,
485 4655 581 4718 quum
595 4655 691 4719 prope
702 4636 880 4699 accesseris?
897 4635 1053 4699 Conferam
1066 4641 1183 4710 tecum,
1196 4652 1287 4715 quam
1301 4634 1412 4715 cuique

367 4734 460 4797 verbo
480 4752 545 4796 rem
558 4733 697 4813 subjicias
714 4750 723 4794 :
746 4733 829 4795 nulla
846 4732 901 4795 erit
926 4732 1130 4795 controversia
1144 4752 1152 4792 :
1166 4731 1266 4793 omnia
1286 4737 1412 4813 peccota

367 4830 451 4912 paria
462 4830 571 4893 dicitis.
583 4834 650 4893 Non
664 4849 722 4910 ego
734 4836 837 4893 tecum
857 4831 922 4909 iam
941 4830 983 4891 ita
1000 4831 1120 4911 loquar3
1139 4835 1174 4892 ut
1192 4828 1298 4891 iisdem
1312 4830 1358 4892 his
1372 4830 1411 4893 de

367 4927 469 5005 rebus,
490 4947 587 5010 quum
607 4932 642 4992 L.
655 4930 825 5006 Murenam,
846 4933 877 4991 te
895 4933 1068 5004 accusante,
1087 4926 1292 4989 defenderem.
1319 4927 1411 5007 Apud

367 5024 521 5107 imperitos
533 5032 601 5088 tum
619 5026 670 5088 illa
687 5025 767 5087 dicta
784 5032 877 5088 sunt:
894 5025 1007 5105 aliquid
1024 5024 1115 5096 etiarn
1137 5039 1257 5087 coronae
1276 5023 1381 5086 datum
1400 5047 1408 5086 ε

367 5122 608 5201 nuncagendum
617 5127 663 5183 cst
672 5121 845 5185 subtilius.»
860 5121 1034 5184 Videetiam
1045 5120 1151 5200 fragm.
1161 5122 1212 5199 lv,
1223 5120 1276 5183 lib.
1286 5122 1410 5183 l.Arud.
1508 5179 1510 5183 Α

367 5220 409 5282 ad
437 5222 599 5283 Varronem
614 5239 624 5281 .·
641 5222 730 5283 «Fac
743 5220 836 5298 enim,
848 5218 932 5282 verbi
945 5237 1063 5295 caussa,
1085 5218 1215 5280 stoicum
1236 5218 1343 5281 adesse
1360 5238 1411 5281 sa-

245 5323 248 5330 ·
368 5316 518 5399 piantem:
535 5336 605 5379 narn
619 5323 723 5381 contra
747 5335 800 5381 eos
824 5317 1016 5400 potissimum
1037 5315 1279 5379 academicorum
1300 5316 1410 5379 exarsit

367 5414 531 5494 ingenium.
545 5437 560 5473 »
